3334 5109
361 414 411 469 ee
518 400 522 408 '
674 494 677 503 ι
802 412 986 464 LA‘rrrrn.

422 580 490 639 Non
512 588 614 659 erepta
633 588 695 653 est3
718 578 770 637 sed
794 580 825 636 in
850 578 1068 635 matrimonium
1081 596 1101 635 a
1119 576 1250 635 fluminis
1262 577 1320 634 deo
1341 576 1433 635 ducta

361 685 414 737 est
546 663 549 667 ⁴

422 775 518 845 Quare
531 774 605 833 adeo
621 774 739 830 incensa
753 783 815 830 erat
828 780 862 829 ut
875 772 1011 829 maritum
1026 778 1153 849 rogaret,

602 874 636 927 “.
657 914 665 929 .
689 912 697 927 .
719 868 864 946 dejectum
885 878 1075 927 monumenta
1088 867 1187 946 Regis,

842 964 1020 1043 Templaque
1034 964 1143 1023 Vestae
1153 964 1190 1023 ”l

422 1062 506 1131 Quod
522 1062 648 1121 Romani
662 1060 681 1119 J
683 1061 774 1120 ulium
785 1062 945 1134 Caesarem,
957 1062 1021 1140 ejus
1034 1071 1193 1141 cognatum
1207 1061 1328 1132 clarum,
1342 1060 1435 1117 inter·

361 1161 496 1219 fecerant
1239 1157 1278 1216 D.
1294 1157 1334 1216 [L
1350 1156 1386 1216 R.

364 1386 595 1442 connoonrnnr.
623 1371 743 1437 [Δῑιαηιι
758 1386 892 1438 rennui

411 1488 445 1539 A.
463 1488 550 1550 Nuper
560 1488 680 1536 Andriam
692 1488 791 1536 'l'erentl
803 1486 858 1550 legi,
867 1502 942 1548 quam
953 1486 1112 1547 comoediam,
1118 1484 1167 1532 nisi
1179 1484 1313 1533 moleetum
1324 1491 1372 1547 est,
1384 1484 1433 1532 tibi

361 1585 485 1634 exponere
496 1570 578 1619 velim.

332 1717 334 1720 .
410 1654 441 1703 B.
459 1653 524 1702 Volo
535 1667 595 1701 nane
606 1652 671 1701 hano
682 1652 833 1701 comoediam
845 1666 953 1701 noscere.
988 1650 1060 1699 Unde
1070 1650 1177 1699 indicem
1188 1650 1286 1699 habal

411 1734 446 1785 A.
464 1733 610 1797 Glycerium,
622 1732 705 1797 puella
716 1734 811 1782 Andria
822 1740 890 1796 natu,
902 1748 991 1781 nomen
1002 1733 1112 1794 praebet

411 1816 442 1865 B.
460 1802 550 1865 Nonne¹
559 1815 689 1863 Terentius
700 1821 786 1881 poetae
799 1815 904 1863 Graecos
916 1815 1076 1862 imitabatur?

411 1898 446 1948 A.
464 1898 504 1946 lta
514 1911 590 1958 rer03
606 1897 632 1944 in
644 1896 746 1959 prologo
757 1897 817 1944 dicit
828 1897 988 1945 Menandrum
1000 1895 1120 1944 Andriam
1129 1902 1155 1944 et
1164 1895 1320 1943 Perinthiam
1330 1895 1433 1954 fecisse,

362 1981 424 2029 duas
435 1979 574 2029 comoedias
585 1992 637 2027 non
648 1984 801 2041 argumento,
813 1979 925 2026 oratione
934 1984 1019 2027 tamen
1035 1984 1061 2027 et
1077 1978 1136 2026 stilo
1153 1978 1293 2027 dissimiles.
1328 1976 1435 2026 Fatetur

362 2076 398 2125 ee,
409 2076 473 2123 quse
484 2061 532 2109 sibi
541 2061 709 2122 convenirent,
721 2061 747 2109 in
759 2061 878 2108 Andriam
890 2076 921 2109 ex
932 2060 1061 2109 Perinthia
1070 2060 1241 2110 transtulisse.

411 2143 442 2193 B.
460 2143 540 2201 Quare
551 2142 666 2206 prologos
678 2142 765 2191 comici
776 2143 923 2191 faciebant?

411 2225 446 2276 A.
463 2225 575 2287 Plautus,
595 2240 646 2286 quo
663 2226 804 2273 distinctius
821 2226 974 2273 auditoribus
992 2225 1103 2274 tabulam
1123 2225 1275 2287 explicaret3
1300 2224 1432 2273 Terentius

362 2314 455 2371 autem,
467 2313 495 2355 nt
507 2322 534 2357 ne
545 2312 633 2355 eontra
644 2307 743 2356 criticos
755 2307 905 2355 defenderet.

412 2389 443 2440 B.
462 2389 525 2447 Quid
534 2389 561 2437 hi
572 2389 595 2437 ei
606 2388 694 2450 culpae
706 2388 820 2437 dabant?

412 2472 446 2522 A.
464 2473 623 2520 Aecueabant
634 2486 699 2532 eum,
711 2471 777 2531 quod
788 2486 802 2519 e
814 2471 909 2519 duabus
920 2471 1051 2519 comoediis
1063 2486 1137 2519 unam
1149 2472 1259 2521 fecisset.

412 2555 443 2604 B.
461 2553 556 2611 Quibus
567 2553 650 2601 verbis
662 2566 690 2601 ee
701 2552 833 2601 defendit?
1133 2560 1137 2565 ’

412 2636 447 2687 A.
465 2636 531 2684 Dicit
542 2650 570 2684 ee
586 2634 716 2696 Naevium,
728 2634 852 2695 Plautum,
864 2634 970 2683 Ennium
986 2640 1099 2683 auctores
1115 2634 1209 2683 habere
1225 2648 1332 2695 quorum
1351 2632 1436 2697 negle-

258 2698 259 2701 ¹
362 2718 472 2783 gentiam
484 2719 567 2779 potius
578 2731 654 2777 quam
666 2716 818 2779 diligentiam
828 2716 939 2777 judicum
950 2716 1042 2764 imitari
1053 2716 1134 2765 malle.

413 2799 443 2849 B.
462 2798 530 2856 Quae
540 2804 599 2846 sunt
610 2799 750 2859 personae?

413 2880 449 2931 A.
468 2879 536 2927 Simo
553 2894 629 2927 senex
645 2885 671 2927 et
689 2879 744 2941 ejus
764 2878 837 2941 filius,
849 2878 995 2943 Pamphilus
1010 2880 1117 2941 nomine,
1130 2880 1174 2940 qui
1189 2877 1333 2942 Glycerium
1350 2885 1438 2939 amat3

368 2962 503 3024 ornem,
515 2961 639 3023 Pamphili
655 2962 757 3023 amicus,
769 2962 812 3022 qui
828 2961 1008 3025 Philumema,
1021 2963 1105 3010 divitis
1126 2961 1239 3012 Olrremir
1255 2961 1340 3023 filiam,
1352 2969 1438 3021 amat;

366 3044 446 3107 Sauo,
465 3044 570 3093 libertus
587 3043 708 3105 Simonis;
725 3042 816 3105 Dovor,
832 3058 918 3092 servus
935 3044 1075 3107 Pamphili3
1092 3044 1196 3108 Byrria,
1213 3058 1301 3092 servus
1318 3043 1437 3102 Charini3

365 3126 451 3190 Mysia,
463 3124 558 3187 Lesbio,
574 3124 651 3176 ose.

415 3208 445 3258 B.
463 3208 550 3269 Narra,
562 3222 657 3270 precor,
670 3207 730 3255 mihi
741 3208 862 3256 actionem
875 3208 982 3258 fabulae.

414 3290 451 3340 A.
468 3290 574 3338 Athenis
591 3289 659 3339 Simo
678 3304 734 3337 cum
752 3289 822 3337 Sosia
841 3290 964 3351 quandam
976 3291 1042 3338 riam
1059 3291 1187 3353 ambulst;
1206 3290 1257 3359 duo
1272 3289 1347 3351 servi,
1363 3289 1437 3337 cibos

365 3372 500 3432 vinumque
511 3376 647 3432 portantes,
660 3376 803 3431 sequuntur.
837 3371 855 3418 J
857 3373 916 3420 ubet
926 3386 1011 3420 servos
1024 3373 1100 3435 abire,
1111 3373 1207 3422 Sosiam
1224 3371 1324 3433 retinet,
1335 3377 1365 3419 ut
1376 3385 1436 3419 curn
1511 3418 1514 3425 ,

366 3468 396 3503 eo
408 3452 439 3502 de
455 3450 507 3501 suis
524 3453 598 3500 rebus
609 3456 676 3515 agat.
710 3451 798 3500 Fratue
814 3452 864 3501 fide
873 3458 900 3501 et
915 3454 1085 3503 taciturnitate
1095 3455 1161 3504 servi
1177 3469 1235 3503 eum
1246 3467 1293 3502 sua
1304 3451 1436 3514 beneficia,

366 3534 498 3597 praecipue
509 3533 649 3581 libertatem
661 3531 744 3580 datam
756 3540 848 3582 monet
1343 3530 1347 3534 “

415 3615 445 3665 B.
464 3615 552 3664 Nonne
569 3614 653 3663 Gioero
669 3614 731 3663 dicit
747 3629 825 3678 genus
843 3615 968 3663 hominum
984 3616 1065 3665 officia
1081 3616 1284 3679 exprobrantium
1302 3629 1358 3665 esse
1369 3616 1440 3664 odio-

366 3701 444 3749 sum?

415 3781 452 3831 A.
469 3779 534 3828 Dicit
546 3794 619 3840 sane3
635 3794 716 3840 neque
728 3778 812 3827 Sosiae
823 3751 976 3841 plaeethsec
987 3781 1204 3842 commemorati03
1221 3785 1332 3829 ruentem
1349 3786 1437 3829 autem

365 3862 433 3913 aenis
443 3876 504 3911 cura
514 3863 651 3923 perturbat.
687 3861 802 3923 Nuptiae,
814 3862 857 3923 ait,
868 3877 933 3923 quae
943 3870 1069 3925 parantur,
1079 3878 1131 3911 non
1141 3876 1217 3910 verae
1227 3867 1294 3910 sunt.

416 3944 446 3994 B.
465 3942 567 4001 Qualem
578 3957 663 3992 senem
673 3944 746 3991 nobis
758 3943 887 3992 Terentius
899 3944 997 4007 pingit?

415 4026 450 4075 A.
468 4024 564 4086 Nempe
574 4025 702 4088 garrulum
714 4025 863 4085 aridumque
879 4026 967 4088 futuri,
978 4028 1022 4075 sed
1038 4042 1119 4088 neque
1135 4024 1261 4074 difficilem
1278 4039 1360 4086 neque
1377 4039 1440 4086 que·

366 4106 455 4157 rnlum.
490 4104 564 4171 [Hor.
577 4109 608 4155 Δ·.
620 4107 648 4155 Ρ.
662 4104 731 4172 171.]
766 4106 851 4155 Vitam
868 4106 919 4169 filii,
930 4122 977 4157 sua
992 4108 1102 4170 oonsilia‚
1113 4113 1140 4157 et
1156 4107 1217 4169 quid
1228 4106 1347 4156 libertum
1359 4112 1441 4171 roget,

367 4189 454 4238 multis
470 4189 555 4237 verbis
574 4188 690 4251 explicat.
725 4188 756 4237 Se
774 4190 888 4252 gaviam
906 4190 972 4250 quod
988 4189 1054 4239 filius
1072 4204 1088 4239 e
1107 4190 1191 4252 pueris
1211 4189 1335 4239 excedens
1354 4202 1440 4249 neque

361 4271 439 4333 ‘equis
449 4285 531 4332 neque
541 4270 645 4320 canibus
655 4284 738 4331 neque
749 4270 840 4321 litteris
851 4273 947 4335 egregie
957 4272 1068 4321 studeret
1077 4278 1104 4321 et
1114 4278 1200 4321 tamen
1211 4272 1250 4320 his
1259 4272 1376 4321 omnibus
1387 4285 1441 4319 me·
