3334 5109
403 718 451 760 Iter
458 719 491 760 est
500 718 592 771 imaum
603 728 644 769 per
653 721 781 769 praecepta,
791 720 854 761 treve
861 722 882 761 et
889 722 967 771 efficax
976 732 1020 772 ptr
1027 723 1281 763 lxma-Saurea,

339 914 406 953 κονι
600 888 671 1040 L
694 926 829 1041 AT
1165 918 1363 959 utustsrer.

305 986 441 1027 accuset.
851 927 883 1041 Ι
907 928 967 1043 N
992 928 1047 1044 Ε
1070 1016 1085 1044 .
1150 992 1381 1033 Μοοοοιχχχιιιι.

478 1173 574 1217 “Hadia
582 1174 662 1227 Boua:
677 1174 850 1219 RettaeDcctc:
864 1152 958 1216 Boutta
967 1174 1207 1217 noa.”-consrus.
1424 1160 1429 1168 ⁴

348 1336 447 1385 ledor:
463 1338 530 1395 Quid
539 1338 586 1386 tibi
596 1340 642 1399 vis,
655 1340 676 1385 0
687 1338 825 1399 ephemeris
837 1340 953 1399 parvulal

348 1411 453 1459 Latiae:
468 1412 504 1459 Ut
517 1412 611 1460 Terenti
622 1414 697 1460 verba
706 1414 818 1461 flectam:
841 1413 928 1461 Latini
938 1414 1001 1459 nihil
1011 1428 1026 1460 a
1035 1428 1074 1460 me
1084 1415 1191 1460 alienum
1201 1420 1267 1474 puto.
1299 1415 1316 1439 “
1324 1414 1381 1461 Noa

303 1486 370 1533 eam
383 1488 436 1533 tom
448 1487 604 1547 praeclarum
618 1492 650 1535 est
665 1488 724 1534 scire
742 1488 841 1535 Luam
855 1502 929 1548 pacm
943 1492 1013 1549 tarps
1022 1489 1221 1537 aoecireN-Oro.
1234 1489 1310 1536 Baua.
1323 1502 1379 1535 οη.

303 1676 342 1721 u.
359 1677 515 1723 scaurus
531 1652 622 1723 caro
641 1677 843 1723 anscerus,

367 1786 393 1839 1.
416 1778 468 1838 Ille
483 1778 567 1852 Cato,
583 1798 650 1837 cum
664 1787 743 1838 essct
757 1779 878 1838 Tusculi
891 1786 986 1851 uatus,
1002 1779 1033 1837 in
1052 1780 1157 1857 populi
1171 1779 1298 1837 Romani
1312 1781 1381 1838 civi·

303 1884 398 1936 tatem
411 1882 564 1953 susceptus
578 1883 632 1948 est,
647 1878 698 1949 ita,
714 1897 782 1935 cum
803 1884 871 1935 ortu
884 1876 1065 1934 Tusculanus
1085 1884 1171 1949 esset,
1187 1877 1306 1935 civitate
1321 1877 1381 1935 Ro·

304 1992 417 2045 manus,
431 1972 537 2032 habuit
558 1972 678 2031 alteram
693 1974 751 2031 loci
773 1975 906 2051 patriam,
922 1972 1043 2031 alteram
1059 1974 1140 2032 iuris
1185 1972 1235 2052 (de
1256 1973 1311 2052 leg.
1329 1972 1379 2053 25

306 2078 332 2129 5.
376 2069 424 2130 Of.
439 2089 493 2148 pro
508 2070 631 2129 Plancio
645 2068 663 2149 ξ
679 2077 735 2129 20:
758 2071 798 2129 M.
812 2070 896 2142 Cato,
907 2070 957 2128 ille
971 2072 1000 2127 in
1016 2071 1099 2127 omni
1113 2070 1220 2127 virtute
1233 2072 1380 2148 princepe,

305 2166 495 2225 Tusculanus.
537 2166 609 2225 And
622 2166 706 2225 Brut.
722 2166 740 2247 ξ
757 2172 833 2223 294:
856 2165 930 2223 Cato
944 2165 1035 2224 horno
1052 2165 1255 2244 Tusculanus.)

367 2269 394 2322 2.
417 2262 458 2321 M.
474 2262 590 2335 Catoni,
605 2262 721 2321 homini
742 2264 849 2341 ignoto
864 2270 895 2321 et
907 2281 994 2335 novo,
1011 2282 1071 2341 quo
1085 2282 1196 2335 omnes,
1213 2264 1263 2342 qui
1284 2264 1379 2321 isdem

305 2359 394 2418 rebus
408 2359 570 2431 studemus,
586 2361 670 2437 quasi
691 2359 853 2439 exemplari
868 2360 906 2416 ad
927 2360 1103 2417 industriam
1118 2360 1313 2437 virtutemque
1328 2360 1382 2417 du-

304 2458 408 2529 cimur,
418 2464 497 2515 certe
511 2456 595 2515 licuit
603 2456 724 2516 Tusculi
734 2477 765 2516 se
774 2459 806 2515 in
817 2458 880 2515 otio
891 2456 1044 2526 delectare,
1054 2456 1164 2514 salubri
1173 2464 1204 2515 et
1212 2458 1379 2535 propinquo

304 2555 388 2627 loco;
409 2555 463 2613 sed
476 2554 567 2613 horno
582 2555 713 2627 demens,
728 2562 763 2614 ut
777 2556 827 2613 isti
848 2561 961 2629 putant,
976 2573 1044 2612 cum
1059 2562 1180 2632 cogeret
1193 2574 1259 2613 eum
1282 2574 1383 2613 neces·

304 2654 376 2711 sitas
389 2651 478 2725 nulla,
492 2652 524 2709 in
537 2652 585 2711 his
598 2653 687 2711 undis
701 2660 732 2711 et
746 2652 973 2730 tempestatibus
987 2652 1026 2709 ad
1039 2671 1184 2709 summam
1199 2659 1379 2709 senectutem

303 2750 410 2808 maluit
423 2749 526 2809 iactari
541 2768 630 2827 quam
644 2750 675 2807 in
689 2750 741 2807 illa
754 2748 966 2827 tranquillitate
987 2756 1076 2827 atque
1090 2750 1153 2807 otio
1168 2749 1381 2807 iucundissime

304 2848 411 2907 vivere.
456 2844 507 2925 (de
521 2866 553 2905 re
567 2846 646 2923 publ
663 2852 678 2904 1
696 2845 713 2925 ξ
731 2844 784 2925 1.)’

366 2950 394 3003 3.
417 2942 457 3002 Μ.
472 2942 557 3016 Cato,
573 2943 662 3001 horno
684 2943 916 3022 sapientissimus
937 2950 968 3000 ct
986 2943 1238 3021 vigilantissimus,
1260 2962 1327 3001 cum
1348 2963 1382 3001 se

304 3042 422 3114 virtute,
437 3059 498 3098 non
520 3026 628 3119 genere
649 3041 762 3119 populo
785 3039 921 3097 Romano
942 3042 1144 3099 commendari
1165 3048 1290 3119 putaret,
1312 3059 1379 3098 cum

305 3142 368 3218 ipse
382 3138 429 3197 sui
442 3138 560 3217 generis
574 3137 693 3195 initium
709 3156 742 3195 ac
756 3138 887 3195 nominis
904 3138 941 3196 ab
955 3157 987 3196 se
1002 3139 1087 3216 gigni
1101 3145 1132 3196 et
1151 3137 1307 3215 propagari
1322 3137 1383 3194 vel·

304 3237 354 3308 let,
378 3235 530 3294 hominurn
552 3235 826 3313 potentissimorum
851 3235 981 3313 suscepit
1002 3235 1173 3293 inimicitias
1193 3242 1224 3293 et
1242 3234 1380 3291 maximis

305 3332 456 3392 laboribus
471 3350 561 3410 usque
575 3332 614 3389 ad
627 3350 773 3389 summam
784 3339 965 3389 senectutem
981 3350 1095 3389 summa
1108 3351 1177 3390 cum
1191 3331 1284 3409 gloria
1295 3331 1380 3389 vixit.

307 3429 353 3511 (in
370 3430 452 3489 Verr.
469 3435 487 3487 5
502 3428 520 3509 5
537 3428 619 3509 180.)

308 3556 311 3561 ·
367 3531 395 3585 4.
417 3525 457 3585 Μ.
472 3524 548 3602 (lato
566 3544 633 3584 cum
648 3524 760 3595 Quinto
775 3525 906 3583 Maximo
921 3532 1058 3603 quartum
1079 3526 1199 3584 consule
1213 3524 1384 3583 adulescen-

305 3624 386 3684 tulus
409 3623 494 3683 miles
515 3623 554 3680 ad
575 3622 707 3702 Capuam
730 3622 880 3702 profectus
902 3630 948 3681 est
971 3623 1134 3700 quintoque
1155 3642 1231 3679 anno
1252 3629 1321 3701 post
1340 3622 1379 3679 ad

305 3720 485 3794 Tarentum3
507 3726 645 3801 quaestor
665 3721 776 3780 deinde
799 3720 995 3798 quadriennio
1015 3727 1085 3798 post
1104 3720 1202 3777 factus
1222 3730 1274 3791 est,
1291 3738 1379 3797 quem

306 3818 512 3897 magistratum
524 3818 617 3898 gessit
630 3818 799 3876 oonsulibus
813 3816 964 3875 Tuditano
978 3824 1009 3875 et
1022 3816 1163 3896 Cethego.
1208 3815 1297 3895 (Cato
1310 3816 1378 3876 mai.

307 3913 404 3997 su>
1393 3954 1395 3958 -

368 4019 395 4071 ὁ.
417 4012 458 4073 Μ.
473 4011 549 4071 (lato
571 4012 655 4071 miles
668 4009 756 4071 'bello
779 4011 895 4071 Punico
916 4012 985 4085 fuit,
1007 4018 1144 4090 quaestor
1165 4010 1269 4069 eodem
1292 4009 1379 4082 bello,

307 4109 409 4169 consul
422 4110 452 4169 in
468 4110 624 4187 Hispanis,
639 4109 837 4190 quadriennio
853 4116 922 4187 post
934 4109 1071 4168 tribunus
1084 4108 1220 4167 militaris
1234 4106 1386 4185 depugna·

306 4207 351 4265 vit
364 4207 444 4285 apud
457 4206 671 4286 Thermopylas
685 4206 726 4265 M'
741 4206 903 4267 Glabrione
918 4208 1047 4267 consule.
1092 4205 1181 4287 (Cato
1197 4205 1265 4262 mai.
1280 4200 1298 4282 ξ
1314 4202 1379 4283 32.)
