3334 5109
716 412 906 463 LATINE.
1294 408 1342 461 95

331 578 366 635 In
381 578 438 635 illis
452 578 538 637 bellis
553 598 627 656 quae
648 580 727 637 ferro
753 587 783 637 et
806 577 869 656 igni
894 557 1042 656 Europam
1059 583 1243 635 vastaverunt
1263 576 1343 634 haud

269 674 395 733 multum
411 676 508 735 abfuit
526 678 595 754 quin
612 676 799 735 Universitas
821 676 975 733 deleretur.
1018 674 1202 732 Professores
1216 674 1343 750 discipu·

268 773 348 850 lique
369 773 495 845 disiecti,
511 774 645 831 aedificia
666 775 727 851 igni
750 780 934 849 consumpta,
950 774 1021 850 agri,
1037 772 1087 849 qui
1109 771 1187 849 apud
1208 770 1342 827 Rhenum
1418 771 1420 774 ’

269 868 429 942 iacuerunt,
440 891 563 949 quorum
576 872 672 927 fructu
688 889 817 947 expensa
831 869 1039 928 Universitatis
1053 868 1229 939 ferebantur,
1240 868 1340 945 erepti.

270 964 379 1024 Omnia
391 986 487 1045 aegra,
504 968 624 1039 deiecta,
641 976 706 1025 acta
720 987 783 1025 esse
800 967 975 1025 viderentur.
1017 966 1099 1023 Tunc
1122 966 1235 1023 Elector
1255 964 1342 1022 Caro

268 1062 314 1121 lus
328 1063 501 1122 Fredericus
520 1065 660 1141 potestati
682 1065 829 1135 successit,
846 1065 897 1141 qui
911 1064 1001 1121 tantis
1022 1061 1170 1121 beneficiis
1189 1062 1296 1118 meruit
1310 1068 1344 1119 ut

268 1160 294 1217 is
308 1160 381 1218 alter
395 1162 533 1219 conditor
546 1170 706 1219 vocaretur.
750 1161 865 1219 Revera
880 1162 911 1217 in
924 1160 1095 1218 memoriam
1109 1160 1171 1217 eius
1190 1157 1343 1216 beneficio-

270 1276 334 1314 rum
349 1256 537 1315 Universitas
551 1264 619 1335 post
633 1257 708 1314 illud
721 1266 840 1335 tempus
854 1264 899 1313 est
912 1276 986 1313 voca
1032 1261 1049 1289 “
1064 1254 1344 1332 Ruperto·Carolina

269 1352 484 1412 Universitas.’'
528 1353 580 1411 Ille
595 1354 622 1411 ei
637 1373 731 1432 agros,
747 1354 913 1431 pecuniam,
928 1353 1054 1430 gratiam
1068 1351 1164 1410 dabat.

329 1450 482 1508 Praesenti
499 1459 629 1528 tempore
645 1458 713 1509 sunt
727 1451 809 1509 mille
831 1451 891 1509 fere
914 1449 1059 1527 discipuli,
1075 1456 1105 1506 et
1126 1457 1242 1506 centum
1257 1456 1286 1505 et
1300 1449 1343 1505 vi·

269 1547 346 1623 ginti
372 1548 502 1625 quinque
524 1548 702 1625 professores
724 1550 928 1626 doctoresque.
973 1548 1120 1605 Numerus
1134 1546 1342 1624 discipulorum

268 1661 321 1721 per
335 1663 428 1701 annos
447 1652 477 1701 et
497 1644 528 1700 in
552 1645 673 1703 diversis
696 1646 831 1723 partibus
852 1646 921 1703 anni
936 1646 1035 1702 variat.
1078 1644 1184 1701 Hieme
1206 1662 1343 1700 numerus

268 1739 405 1799 ducentis
419 1740 517 1797 minor
532 1760 619 1818 quam
634 1748 745 1800 aestate
760 1762 823 1801 esse
843 1742 926 1800 solet,
968 1742 1078 1798 Eorum
1091 1740 1185 1797 maior
1198 1759 1264 1817 pars
1277 1739 1343 1796 dili-

189 1879 192 1883 .
267 1854 341 1913 gens
356 1842 408 1908 est,
424 1836 477 1893 sed
493 1837 586 1909 multi,
601 1837 650 1895 hic
673 1858 762 1916 quam
777 1837 896 1917 ubique,
912 1858 974 1896 esse
988 1838 1145 1915 diligentes
1160 1856 1216 1893 non
1232 1844 1339 1895 amant.

268 1931 417 2009 Discipuli
431 1952 486 2011 pro
500 1932 613 1991 honore
627 1934 673 1992 vel
694 1954 748 2012 pro
769 1935 864 2013 gloria
885 1936 961 1992 inter
975 1955 1005 1992 se
1020 1954 1105 2012 saepe
1120 1941 1238 1991 certant.
1282 1934 1342 1992 Hic

269 2046 351 2085 amor
371 2029 504 2087 certandi
520 2050 606 2108 quam
622 2032 651 2087 in
667 2032 732 2089 aliis
746 2031 902 2089 Germanis
916 2031 1165 2090 Universitatibus
1181 2033 1272 2089 maior
1286 2038 1339 2089 est.

268 2122 453 2202 Quandoque
468 2126 533 2202 quis
547 2122 599 2203 per
614 2128 674 2185 vias
688 2127 821 2185 ambulat
835 2129 866 2185 in
881 2129 1018 2187 omnibus
1031 2128 1163 2206 partibus
1183 2128 1342 2205 discipulos

267 2221 358 2294 videt,
374 2222 425 2300 qui
440 2223 569 2300 ingenis
584 2224 734 2281 cicatrices
749 2243 874 2301 magnos
888 2226 994 2283 ferunt

309 2318 507 2379 Universitati
532 2320 666 2378 aedilicia
690 2319 814 2399 pulchra
837 2341 896 2378 non
920 2331 989 2380 sunt
1004 2321 1048 2403 (iu
1073 2342 1131 2400 qua
1150 2340 1181 2379 re
1195 2340 1229 2379 ca
1242 2320 1342 2378 multis

268 2415 400 2494 collegiis
414 2417 601 2474 Americanis
625 2426 669 2475 est
692 2417 869 2496 dissimilis),
885 2419 936 2476 sed
961 2420 1104 2497 quaedam
1124 2427 1194 2476 sunt
1215 2438 1291 2475 nova
1311 2425 1342 2476 et

267 2520 336 2591 apta
350 2513 388 2571 ad
403 2533 465 2572 rem
481 2534 571 2572 suam.
614 2514 690 2572 Sunt
712 2522 852 2593 quattuor
866 2524 982 2573 senatus
996 2516 1163 2587 academici,
1179 2517 1208 2572 in
1230 2514 1342 2573 theolo

267 2610 324 2687 gia,
339 2611 368 2667 iu
384 2610 558 2690 philologia,
577 2613 606 2669 in
631 2612 869 2689 iurisprudentia,
885 2614 916 2670 in
931 2615 1084 2685 medicina,
1100 2606 1221 2695 quorum
1244 2614 1269 2669 is
1283 2614 1341 2671 for-

267 2713 353 2791 tasse,
368 2709 419 2786 qui
434 2709 612 2767 medicinam
627 2710 723 2782 docet,
737 2711 766 2766 in
782 2711 929 2787 praesenti
944 2721 1078 2790 tempore
1093 2718 1138 2769 est
1158 2710 1338 2768 clarissimus.

267 2803 358 2863 Pueri
379 2805 521 2864 Germani
543 2806 574 2864 in
591 2806 647 2864 hac
662 2806 867 2865 Universitate
882 2808 955 2864 etin
970 2808 1036 2865 aliis
1055 2808 1199 2865 similibus
1219 2807 1256 2864 ab
1271 2807 1341 2865 viris

267 2901 446 2960 doctissimis
462 2902 573 2960 artibus
588 2904 722 2961 maximis
738 2906 956 2964 instrumentur.
997 2905 1064 2963 Jam
1079 2906 1156 2963 satis.
1199 2905 1281 2963 Vale.

317 3015 408 3064 Datum
421 3016 600 3079 Heidelbergae
612 3018 690 3078 pridie
702 3016 738 3065 Id.
753 3018 807 3067 Oct.

269 3207 394 3252 “soors
410 3207 456 3252 or
470 3208 605 3251 AGES.”¹

467 3308 538 3357 Fissa
548 3309 597 3357 mei
609 3322 691 3371 causa,
704 3310 844 3358 saeclorum
856 3311 954 3359 conscia
965 3313 1055 3373 Rupes,

501 3390 538 3439 Sit
549 3391 610 3439 mibi
621 3392 662 3439 fas
673 3394 768 3455 gremio
779 3392 907 3442 delituisse
918 3396 977 3443 tuo!

467 3472 520 3522 Nec
530 3478 628 3521 tantum
641 3474 744 3523 latebris
756 3490 819 3537 opus
831 3482 883 3524 est:
901 3476 976 3523 simul
986 3476 1053 3524 unda
1064 3491 1191 3539 cruorque,

501 3556 569 3613 Quae
580 3557 677 3605 fossum
688 3557 779 3605 effudit
790 3558 877 3606 militis
888 3573 947 3607 ense
958 3559 1031 3621 latus,

439 3690 443 3697 ἱ
468 3638 579 3686 Peucetio
591 3638 714 3700 duplicem
726 3646 854 3701 praestent
865 3642 929 3689 bene
939 3641 1018 3687 mixta
1028 3639 1156 3701 medelam,

500 3720 640 3768 Absolvunt
652 3722 762 3769 animum
774 3722 954 3784 purificentque
964 3737 1054 3770 meum.

468 3867 542 3915 Haud
553 3867 655 3929 implere
666 3874 725 3917 tuae
737 3869 798 3933 legis
810 3871 927 3918 mandata
939 3870 1030 3919 valebit

501 3950 664 4008 Quantumvis
675 3960 778 4015 peraget
789 3953 858 4001 fessa
869 3952 952 4001 labore
964 3966 1067 4014 manus3

318 4112 326 4144 ¹
339 4113 391 4163 The
401 4116 481 4165 abore
493 4114 616 4163 beautiful
624 4116 773 4164 translation
781 4117 810 4165 of
820 4117 864 4166 the
875 4117 951 4178 hymn
961 4117 1098 4181 beginning
1109 4117 1124 4141 “
1131 4117 1200 4166 Roclr
1210 4117 1239 4165 of
1250 4119 1318 4180 Ages
1327 4117 1342 4141 ’¹

267 4196 321 4246 into
333 4197 406 4245 istiu
417 4198 511 4263 elegiae
522 4213 593 4247 verse
610 4200 631 4247 is
648 4199 806 4248 contributed
824 4206 851 4247 to
864 4200 908 4248 the
920 4200 935 4224 “
944 4199 1053 4248 Scottish
1064 4199 1162 4247 Ghuruh
1174 4200 1272 4250 Reriew
1282 4200 1297 4224 '’
1310 4202 1343 4263 by

265 4279 311 4333 the
322 4280 399 4343 Rigbt
411 4282 540 4331 Reverend
551 4282 593 4331 Dr.
607 4281 708 4331 Oharles
720 4282 901 4345 Wordsworth,
913 4284 1009 4347 Bishop
1020 4284 1049 4333 oi
1060 4284 1095 4333 st
1108 4284 1236 4334 Andrsws.
