3334 5109
712 422 900 475 LATINE.

266 606 422 652 murus
436 608 480 651 ru
493 606 604 651 rnsro
618 604 847 649 ascnnsrorus
862 580 1000 649 bosom.

671 706 689 765 J
691 728 740 765 esu
756 706 941 765 beatissime!

672 804 798 862 Brachia
812 803 937 860 amoris!

592 902 641 960 Me
655 909 786 959 sustenta
801 902 831 957 in
847 898 982 970 labando,

591 998 672 1055 Audi
688 1017 734 1055 me
748 999 778 1054 in
794 996 988 1073 implorando

672 1094 771 1152 Verba
785 1102 815 1151 et
828 1093 964 1150 clamoris

593 1192 649 1249 Fac
664 1200 705 1262 ut,
721 1191 801 1263 olim,
816 1190 1021 1248 transformata

593 1289 715 1347 Cantem
731 1287 845 1344 cantica
857 1285 953 1355 beata,

674 1383 808 1442 Vinculis
822 1382 933 1441 doloris

592 1484 626 1539 ln
641 1490 792 1539 aeternum
806 1480 954 1539 liberatus

592 1579 667 1637 Cum
683 1580 712 1636 in
728 1580 823 1636 sinum
839 1582 1034 1653 congregatus

671 1676 790 1733 Almum
806 1673 966 1733 Salvatoris

591 1774 701 1832 Coetus
715 1772 886 1852 splendidus
901 1778 1066 1828 sanctorum

591 1871 808 1930 obliviscentur
821 1869 956 1927 laborum

672 1968 761 2025 Vitae
775 1967 824 2025 hic
838 1966 944 2044 prioris

591 2065 630 2123 Et
644 2064 812 2135 laudabunt,
827 2071 896 2120 ante
909 2060 1047 2119 thronum

590 2161 768 2233 Gloriosum,
784 2158 907 2217 Patrem·
918 2158 1035 2216 Bonum

672 2257 729 2326 Qui
744 2264 774 2315 et
787 2256 949 2334 peccatoris

592 2354 732 2413 Precibus
747 2373 805 2411 non
820 2353 992 2431 indignatus

592 2451 749 2509 Oreaturae
762 2450 917 2507 miseratus

672 2547 769 2606 Corde
784 2546 964 2605 creatoris-

593 2646 649 2717 lbi‚
665 2665 721 2723 ego
736 2652 767 2702 et
780 2643 906 2701 cantabo

591 2743 730 2820 Magnum
748 2741 866 2799 Nomen
879 2748 910 2798 et
925 2739 1054 2797 laudabo

673 2838 731 2896 Mei
747 2837 963 2915 Redemptoris,

672 2934 743 2993 Jesu
758 2934 1004 2993 clementissime!
1034 2933 1136 2993 Amen.

960 3032 1119 3080 Fuscrsons
1136 3031 1304 3085 Uasasrssra

267 3172 306 3219 Μ.
323 3170 478 3217 POROEUS
495 3168 585 3213 CATO
604 3167 802 3211 censemus.
831 3166 917 3219 [Pars
928 3167 1055 3220 dictast]

317 3270 382 3339 (11.)
397 3272 431 3322 lt.
443 3271 564 3321 Catonem
575 3270 682 3319 Graecas
694 3270 790 3319 litteras
806 3270 832 3317 in
850 3276 978 3319 senectute
995 3270 1110 3320 didicisse
1126 3272 1218 3335 accepi.
1252 3270 1339 3337 (Acsd.

270 3358 293 3420 2.
306 3353 323 3423 s
335 3354 370 3420 ⁶.)

319 3436 382 3503 (12.)
399 3436 431 3485 lt.
444 3436 508 3486 Cato
518 3442 544 3484 et
556 3435 695 3484 diutissime
706 3450 782 3484 senex
793 3434 844 3483 luit
855 3441 881 3483 et
892 3434 918 3482 in
930 3435 985 3497 ipsa
996 3441 1124 3485 senectute
1135 3443 1234 3498 praeter
1245 3443 1340 3487 ceteros

268 3517 360 3568 floruit.
394 3516 481 3582 (beel,
495 3515 559 3583 ξι)
911 3563 914 3567 ,

318 3596 383 3667 (18.)
400 3598 469 3661 (lato,
481 3598 541 3659 quia
557 3598 690 3646 mulorum
702 3613 784 3647 rerum
796 3612 869 3646 usum
880 3598 1102 3647 habebat-multa
1112 3599 1166 3647 eius
1177 3605 1203 3649 et
1214 3599 1240 3649 in
1251 3608 1339 3649 senatu

269 3685 295 3729 et
306 3680 333 3729 in
342 3680 400 3729 foro
411 3680 452 3729 vel
462 3679 564 3743 provisa
574 3680 709 3742 prudenter
719 3679 759 3728 vel
768 3686 834 3744 'aaa
852 3687 995 3730 constanter
1006 3680 1045 3730 sel
1063 3695 1183 3743 responsa
1194 3688 1266 3731 acute
1277 3684 1340 3733 fese-

269 3763 526 3825 bantur-propterea
536 3762 608 3821 quasi
620 3776 757 3825 cognomen
765 3762 814 3810 iam
823 3762 933 3811 habebat
941 3763 967 3810 in
976 3769 1102 3812 senectute
1109 3764 1236 3825 sapientis.
1253 3762 1339 3829 (Lael,

271 3842 287 3911 ἓ
299 3847 321 3894 t.
340 3844 379 3895 Gt.
391 3844 423 3893 de
433 3842 496 3894 offic.
509 3846 533 3904 8,
546 3840 617 3907 §162
635 3843 668 3892 M.
677 3844 738 3892 Cato
749 3850 774 3892 et
786 3844 811 3892 C.
825 3844 921 3892 Laelius
933 3846 1057 3906 sapientes
1068 3845 1177 3893 fuerunt.
1200 3844 1259 3893 And
1267 3844 1340 3897 'rusa

272 3930 294 3990 1,
306 3926 323 3995 §f
334 3922 366 3977 δι’
382 3926 495 3989 Galbam,
507 3925 663 3987 Asucauum,
676 3926 784 3975 Lesbum
804 3927 890 3975 doctos
909 3927 989 3977 fuisse
1005 3927 1125 3975 traditum
1142 3932 1189 3989 est,
1201 3926 1340 3976 studiosum

270 4015 353 4059 sutem
364 4024 430 4072 eum,
441 4008 486 4071 qui
496 4008 528 4057 iis
539 4014 622 4057 aetate
633 4008 751 4070 anteibat,
764 4008 905 4071 Catonem.)

319 4088 384 4157 (14.)
400 4090 433 4139 lt
446 4090 509 4140 Cato
519 4105 603 4155 senex,
615 4092 767 4140 fortissimus
778 4092 818 4139 vir
828 4098 855 4140 et
866 4091 915 4140 illis
926 4092 1081 4154 temporibus
1092 4090 1258 4141 uouemus
1282 4090 1343 4156 (Pro

270 4172 355 4237 arch„
368 4171 385 4239 b
397 4172 449 4239 16·)

586 4289 991 4353 ¹Thefirstpartwasinl'sacic
1005 4291 1024 4340 1.
