3334 5109
693 428 696 437 ·
735 406 924 459 LATINE.
1317 404 1366 457 35

358 571 451 630 Poeta
465 574 545 632 dicit
559 574 690 631 dextram
705 573 790 631 Jovis
804 565 957 631 rubentem
980 573 1074 630 luisse,
1116 572 1194 640 Quid
1216 572 1315 630 effecit
1334 580 1367 630 ut

295 668 403 725 rubens
418 673 512 729 esset?

357 766 467 845 Fulgur
481 768 579 826 effecit
594 776 627 826 ut
641 767 749 825 rubens
764 775 849 825 esset

357 864 556 924 Meministine
571 865 662 923 alium
677 866 766 922 deum
781 865 833 941 qui
848 883 1069 943 nonnumquam
1084 865 1208 921 fulmina
1222 863 1358 941 projicitl

248 998 250 1001 -
358 962 480 1019 Memini
495 981 553 1039 quo
568 962 659 1020 modo
674 960 938 1039 MinervaAjacem
954 962 1069 1020 Oileum
1089 961 1273 1019 interfecerit.
1316 961 1357 1018 Fa

296 1056 365 1115 bula
378 1077 396 1115 a
410 1058 537 1137 Virgilio
551 1070 693 1117 narratur.

337 1194 340 1200 -
357 1153 438 1222 Quae
454 1156 511 1214 fuit
526 1155 660 1235 Pyrrhal

357 1252 472 1329 Pyrrha
486 1254 544 1311 fuit
558 1274 632 1312 nxor
647 1253 829 1320 Duoalionis,
846 1254 923 1330 regis
937 1252 1112 1311 Thessaliae.

357 1348 483 1418 Quando
499 1350 613 1430 Pyrrha
622 1370 706 1409 nova
720 1359 854 1409 monstra
868 1359 972 1429 questa
985 1352 1049 1408 estl

358 1446 479 1506 “Omne
493 1450 583 1526 quum
597 1448 724 1507 Proteus
738 1469 828 1526 pecus
843 1449 905 1527 egit
918 1448 994 1505 altos
1009 1448 1111 1505 Visere
1124 1447 1265 1505 montes.”

357 1543 383 1601 E
398 1545 531 1621 qualibus
544 1546 719 1603 animalibus
733 1547 888 1604 constabat
903 1545 976 1603 illud
990 1547 1097 1623 pecual

358 1640 383 1697 E
396 1642 516 1699 marinis
530 1642 709 1699 animalibus·
720 1642 880 1700 constabat
967 1713 969 1716 Ι

359 1736 438 1794 Num
451 1737 524 1796 haec
538 1738 678 1795 animalia
691 1758 818 1817 unquam
835 1759 913 1796 mare
928 1739 1116 1817 relinquuntl

359 1834 518 1912 Nunquam
534 1856 613 1893 marc
628 1822 806 1915 relinquunt.

358 1930 526 2013 Quo-paeto
541 1934 633 2011 igitur
647 1942 807 2012 potuerunt
822 1941 938 1991 montes
953 1934 1063 1993 viserel

358 2028 467 2087 Nando
482 2030 538 2095 hoc
557 2031 726 2089 effecerunt.
757 2078 760 2084 .

357 2125 503 2204 Explioes,
518 2128 543 2184 si
557 2127 661 2204 placet,
677 2146 736 2204 quo
752 2126 825 2185 haec
839 2146 886 2183 res
900 2127 1012 2203 possiti

358 2222 554 2301 Temporibus
578 2223 751 2281 Duoalionis
776 2231 807 2281 et
829 2223 961 2301 Pyrrhae
985 2244 1121 2301 magnum
1146 2224 1287 2281 diluvium
1310 2224 1370 2281 fuit

298 2338 358 2396 quo
372 2339 475 2377 omnes
491 2327 604 2379 montes
619 2320 762 2378 submersi
777 2328 852 2378 sunt.
1359 2310 1361 2329 ⁵

360 2416 439 2474 Num
453 2416 527 2474 dicis
541 2436 642 2489 omnes
656 2422 772 2475 montes
788 2418 954 2476 submersos
969 2420 1051 2476 essel

359 2513 478 2586 Omnes,
494 2514 639 2572 Parnasso
655 2521 787 2591 excepto.

359 2610 556 2679 Quamobrem
572 2632 631 2670 non
648 2612 794 2670 Duoalion
809 2616 841 2668 et
854 2610 970 2687 Pyrrha
982 2613 1123 2670 submersi
1136 2616 1222 2671 suntl

360 2707 503 2766 Navicula
515 2709 546 2765 in
562 2708 739 2765 Parnassum
755 2706 957 2785 confugerunt.

359 2804 449 2865 Unde
463 2805 595 2863 navicula
609 2804 669 2862 illil
711 2804 819 2862 Eratne
833 2805 979 2883 piscator?

361 2902 477 2975 Nescio,
490 2902 542 2961 sed
557 2909 636 2960 certe
650 2901 784 2960 navicula
797 2893 920 2973 fuil'illt
933 2922 990 2979 qua
1004 2903 1147 2960 conferret
1161 2923 1190 2961 se
1205 2913 1234 2961 et
1249 2924 1367 2961 uxorem

298 3000 330 3056 in
345 3006 442 3057 tutum
452 2999 564 3057 locum.
810 2982 812 2986 ¹

360 3095 461 3153 Scisue
475 3095 602 3153 fabulam
618 3096 792 3154 Duoalionis
806 3103 837 3154 et
853 3095 1002 3173 Pyrrhae?

360 3192 429 3251 Soio
443 3192 538 3263 bene3
560 3193 612 3250 scd
628 3191 697 3249 nolo
711 3210 838 3249 narrare.

361 3289 475 3348 Vereor
489 3310 526 3347 ne
537 3289 703 3347 dissimules
717 3308 803 3346 nunc.
847 3288 953 3347 Forsan
970 3310 1029 3347 non
1044 3291 1136 3367 possis
1150 3310 1271 3349 narrare.
1307 3290 1368 3349 Sed

299 3386 406 3445 dehac
420 3386 491 3444 alias
505 3406 651 3464 quaeram.

361 3481 434 3553 Quis
449 3472 666 3541 fuitProteusl

361 3580 469 3640 Custos
490 3580 657 3639 Phocarum
680 3581 813 3659 Neptuni
828 3590 860 3641 et
873 3602 975 3659 magus
996 3589 1108 3660 potem,
1124 3582 1173 3658 qui
1187 3601 1218 3639 se
1232 3581 1263 3639 in
1277 3582 1370 3640 varias

300 3680 412 3759 species
426 3677 660 3737 transformabat.

361 3776 443 3845 Quae
457 3776 513 3834 fuit
526 3774 608 3833 -Ilial

362 3873 418 3931 Ilia
432 3872 552 3931 Romuli
567 3878 661 3930 mater
675 3878 746 3930 erat.

362 3968 445 4038 Quae
460 3978 505 4029 est
518 3968 617 4027 fabula
630 3968 668 4027 de
682 3968 742 4029 illa.
774 4040 776 4048 y

361 4066 424 4125 Alii
449 4066 552 4126 dicunt
576 4086 640 4125 earn
662 4064 831 4129 invincula
851 4065 1015 4143 conjectam
1029 4086 1100 4138 esse,
1115 4067 1164 4124 alii
1185 4069 1214 4124 in
1229 4068 1369 4141 Tiberim,

249 4218 251 4221 .
300 4164 391 4223 Jnssn
404 4164 528 4224 Amulii.

291 4288 294 4295 ·
348 4248 469 4321 ¹Paucis
483 4262 580 4320 verbis
592 4261 720 4320 fabulam
736 4260 865 4319 conficis.
909 4261 1014 4319 Nonne
1029 4268 1129 4339 erepta
1143 4269 1187 4319 est
1201 4282 1218 4319 e
1231 4262 1371 4323 fluminei
