3334 5109
734 350 841 400 LATl
848 350 920 402 NE.
1291 351 1364 405 129

281 551 690 672 trcvp'qulscmaaffl.
724 553 837 606 [latim
853 550 980 596 radam
1001 553 1130 598 Heroas-t
1151 554 1232 598 Wefr·
1246 555 1364 607 smytu,

432 621 480 663 .D.

343 720 404 780 Sed
418 721 571 800 Lycurgus
586 723 676 780 etiarn
691 720 749 778 alio
765 720 855 778 modo
869 723 946 778 cavit
960 741 997 780 ue
1014 722 1100 780 luxus
1114 723 1238 780 existere
1252 730 1363 801 posset

283 817 361 876 Nam
376 839 436 876 non
450 819 545 877 solum
560 819 638 876 cives
663 836 767 875 omues
787 817 853 874 loco
876 819 1026 875 communi
1047 838 1106 876 una
1126 839 1231 876 cenare
1246 828 1276 877 et
1289 819 1365 877 cibis

282 914 347 992 lege
362 916 550 993 praescriptis
571 915 682 972 eisdem
704 914 781 970 vesci
803 915 895 984 iussit,
911 915 964 972 sed
985 916 1074 973 etiam
1097 917 1192 973 vetuit
1212 935 1249 973 ue
1270 916 1364 988 domi,

282 1013 464 1091 sumptuosis
484 1011 601 1070 cibariis
624 1010 741 1088 paratis,
764 1011 802 1068 ad
826 1011 979 1069 mollitiam
1006 1011 1181 1070 laberentur.
1234 1012 1362 1071 Necesse

283 1109 362 1167 enim
383 1116 447 1167 erat
468 1110 560 1168 cuivis
581 1108 706 1186 siugulis
725 1108 874 1166 mensibus
895 1109 1026 1167 edulium
1050 1117 1160 1167 certam
1185 1117 1299 1187 partem
1323 1110 1365 1168 ad

283 1224 369 1264 cenas
384 1224 556 1266 communes
576 1205 707 1263 conferre
730 1224 787 1282 qua
807 1205 913 1262 collata
927 1206 955 1263 ei
970 1207 1066 1264 victus
1081 1225 1099 1263 a
1113 1208 1231 1264 civitate
1245 1208 1366 1285 praebe·

282 1301 377 1360 batur.
420 1301 535 1380 Cuique
549 1321 618 1360 vero
633 1302 795 1359 convicturi
811 1309 843 1358 ut
864 1303 893 1358 in
909 1303 1071 1380 quinorum
1091 1303 1243 1375 denorum,
1260 1305 1311 1381 qui
1324 1305 1379 1362 ad-

282 1399 414 1477 siugulas
436 1419 552 1458 mensas
573 1399 726 1470 cenebaut,
749 1418 901 1456 numerum
923 1400 1111 1478 reciperetur,
1126 1401 1275 1479 suffragiis
1299 1421 1364 1459 om·

283 1499 365 1554 nium
391 1514 466 1574 opus
491 1503 543 1556 est.
595 1495 697 1574 Atque
721 1497 831 1554 nemini
855 1496 967 1553 licitum
987 1497 1047 1554 fuit
1068 1496 1170 1554 abesse
1192 1498 1249 1554 nisi
1274 1517 1365 1556 esen·-

282 1593 427 1650 satiouem
446 1592 585 1652 idoneam
608 1593 733 1651 afferret
776 1591 858 1661 Quae
881 1592 927 1649 lex
952 1601 1014 1649 tarn
1038 1613 1139 1651 severa
1163 1601 1233 1668 erat,
1248 1601 1282 1651 ut
1303 1595 1362 1672 ipsi

281 1689 385 1768 Agidi,
397 1691 450 1748 uni
463 1709 500 1748 ex
514 1689 632 1768 regibus
653 1690 717 1748 aevi
731 1689 909 1768 posterioris,
924 1688 1062 1766 Spartam
1076 1696 1147 1768 post
1161 1689 1272 1748 bellum
1286 1688 1364 1748 bene

282 1795 398 1865 gestum
413 1806 529 1845 reverso
544 1794 632 1864 atque
647 1786 809 1864 postulanti
824 1785 860 1842 ab
873 1785 991 1862 ephoris
1004 1794 1038 1843 ut
1051 1806 1110 1844 una
1123 1806 1190 1844 curn
1205 1788 1291 1844 uxori
1305 1786 1361 1844 soli

282 1902 386 1942 cenare
399 1884 510 1956 liceret,
524 1891 714 1941 recusaretur.
758 1881 839 1940 luter
859 1882 968 1939 cibaria
988 1902 1057 1940 vero
1077 1882 1239 1960 Spartiatae
1259 1885 1305 1941 ius
1318 1885 1365 1941 ui-

282 2001 368 2060 grum
391 1981 530 2039 omuibus
554 1989 656 2039 notum
682 1987 735 2052 est,
752 1979 831 2058 quod
854 1979 896 2036 ita
919 1978 1069 2036 laudatum
1094 1987 1146 2052 est,
1163 1990 1197 2037 ut
1219 1979 1364 2040 Lacedae·

281 2078 377 2136 monii
399 2097 431 2137 se
454 2079 547 2136 fortes
572 2079 659 2137 facile
683 2078 821 2155 praebere
844 2096 930 2153 posse
956 2077 1131 2149 dicerentur,
1147 2097 1214 2136 cum
1229 2078 1305 2135 mori
1319 2077 1363 2135 eis

282 2194 343 2232 non
357 2174 453 2231 maius
467 2175 576 2233 malum
592 2182 677 2246 esset,
694 2193 781 2251 quam
802 2173 864 2230 iure
885 2173 935 2231 illo
957 2173 1042 2232 vesci.
1085 2173 1145 2231 Sed
1159 2193 1248 2231 cenae
1263 2173 1363 2232 hilari·

282 2279 344 2330 tate
358 2279 389 2330 et
402 2271 578 2330 facetiarum
592 2271 741 2349 leporibus
756 2270 934 2328 conditiores
947 2271 1044 2328 factae
1059 2278 1136 2342 sunt,
1148 2290 1215 2328 cum
1230 2273 1292 2349 ipse
1306 2270 1366 2348 Ly-

283 2387 390 2447 curgus
403 2367 583 2427 hilaritatem
598 2369 640 2426 ita
650 2375 769 2438 amaret,
781 2375 815 2424 ut
829 2367 885 2424 deo
900 2367 1009 2425 ridenti
1020 2369 1102 2426 domi
1116 2388 1196 2426 aram
1210 2375 1360 2429 statueret.

344 2466 410 2524 Hac
424 2465 517 2544 igitur
531 2466 745 2524 consuetudine
759 2466 854 2522 victus
874 2465 1011 2523 instituta
1031 2467 1156 2524 multum
1178 2467 1215 2524 ad
1230 2485 1281 2523 sua
1295 2485 1366 2523 con-

284 2561 349 2620 silia
361 2561 542 2641 perficienda
563 2569 737 2638 consecutus
756 2570 808 2620 est
852 2561 929 2620 Nam
950 2563 1044 2633 luxus,
1061 2563 1111 2640 qni
1133 2563 1171 2620 ad
1191 2569 1364 2640 sumptuosa

282 2678 401 2718 mensae
416 2679 485 2716 vasa
499 2660 651 2737 spectavit,
667 2658 789 2716 existere
804 2659 899 2730 desiit,
915 2678 982 2716 cum
1003 2679 1090 2717 uerno
1110 2661 1140 2717 in
1155 2658 1364 2718 communibus

283 2757 364 2816 cenis
379 2756 423 2814 eis
444 2757 488 2814 uti
504 2763 611 2834 posset
654 2755 773 2814 Deinde
794 2755 922 2812 heluatio
944 2775 1075 2833 repressa
1094 2764 1139 2814 est
1153 2765 1183 2814 et
1196 2757 1277 2814 facta
1292 2763 1362 2814 sunt

283 2871 407 2932 corpora
420 2871 491 2910 sana
500 2851 680 2930 robustaque
695 2852 749 2910 hac
765 2853 964 2911 moderatione
975 2861 1115 2930 certoque
1129 2853 1248 2911 vivendi
1261 2852 1363 2926 modo,

284 2957 318 3008 ut
331 2949 446 3008 civitati
461 2956 596 3027 parentes
611 2949 673 3006 sani
688 2948 795 3008 liberos
810 2969 895 3007 sanos
908 2970 1059 3028 procreare
1073 2957 1201 3028 possent
1243 2949 1362 3008 Deinde

282 3067 355 3106 cena
375 3047 540 3106 eommunis
553 3047 712 3104 assuefacit
726 3048 803 3105 cives
824 3047 1008 3106 familiariter
1022 3049 1119 3106 vivere
1135 3056 1165 3106 et
1178 3067 1282 3106 omnes
1300 3056 1366 3104 tan·

284 3164 372 3223 quam
386 3151 484 3223 partes
505 3145 592 3202 unius
612 3145 744 3221 eorporis
765 3163 795 3202 se
817 3144 931 3217 habere,
947 3153 980 3203 ut
999 3146 1170 3202 omittamus
1191 3146 1271 3222 quod
1285 3145 1365 3202 ratio

284 3241 401 3300 vivendi
416 3240 546 3319 aequalis
560 3239 685 3299 multum
701 3242 739 3298 ad
753 3241 886 3318 aequales
899 3243 1063 3299 animorum
1078 3261 1179 3299 sensos
1194 3240 1365 3300 efficiendos

285 3337 423 3397 contulit.

343 3433 445 3513 Atque
459 3434 538 3494 cives
551 3454 619 3492 cum
634 3434 770 3493 omnibus
791 3435 1042 3493 sollicitudinibus
1062 3455 1161 3493 rerum
1182 3436 1363 3515 privatarum

283 3550 337 3610 per
350 3531 495 3589 Helotnm
509 3550 628 3608 operam
642 3532 788 3590 immunes
804 3540 910 3604 esseut,
925 3533 1014 3589 vitam
1031 3533 1062 3590 in
1076 3533 1139 3591 otio
1155 3533 1309 3611 degebant.

345 3627 449 3706 Itaque
473 3628 675 3687 adulescentes
699 3649 817 3707 operam
841 3629 1098 3688 exercitationibus
1119 3630 1230 3688 dabant
1253 3630 1362 3688 artium

286 3724 457 3784 militarium
477 3724 509 3782 in
528 3724 635 3802 quibus
650 3733 681 3784 et
695 3727 856 3804 spectaturi
871 3732 900 3784 et
913 3727 1072 3784 indicaturi
1090 3727 1213 3785 aderaut
1226 3727 1365 3798 seniores,

284 3840 352 3879 cum
365 3819 402 3878 ab
416 3820 464 3878 his
477 3819 557 3878 ludis
571 3821 675 3880 abesse
690 3823 830 3881 dedecori
846 3832 929 3882 esset

345 3917 412 3987 Quo
426 3919 517 3976 modo
531 3919 645 3977 factum
665 3927 710 3977 est
731 3927 765 3978 ut
786 3919 958 3998 Spartiatae,
974 3940 1041 3978 cum
1059 3921 1102 3979 rei
1116 3921 1251 3998 publicae
1265 3922 1317 3980 uni
1331 3941 1363 3980 se

285 4013 399 4088 darent,
414 4034 518 4074 omnes
538 4035 584 4073 res
605 4035 659 4093 pro
679 4016 806 4094 publicis
827 4017 976 4078 habereut
1019 4017 1054 4076 In
1069 4018 1161 4076 oculis
1175 4019 1308 4077 omnium
1322 4019 1366 4077 iu·

286 4117 388 4171 ventus
402 4112 545 4171 maturuit
559 4120 649 4190 atque
660 4132 744 4172 senes
757 4113 941 4192 languerunt
983 4114 1112 4174 Assidue
1132 4115 1277 4174 serviebat
1290 4116 1364 4174 civis

286 4209 406 4288 patriae,
420 4210 519 4288 patria
531 4217 566 4269 ut
586 4211 751 4269 commodis
771 4212 831 4269 suis
851 4212 980 4271 serviret.
1022 4211 1119 4270 Testis
1138 4213 1202 4290 ipse
1214 4231 1311 4270 rerum
1325 4210 1366 4270 ab
