3334 5109
336 429 407 481 102
772 433 959 486 LATINE.

330 611 407 656 NON
417 613 539 657 nicoli·
550 613 624 657 PER
639 613 903 658 ooooPmorms
918 615 965 658 UT
978 615 1023 658 TE
1037 615 1203 659 Visum.
1231 613 1401 666 [ammes]

392 715 459 774 Non
479 717 563 776 licuit
583 737 635 795 per
649 718 749 778 otium.
792 719 882 776 Volui
898 720 1025 797 quidem,
1040 729 1071 777 at
1084 740 1143 777 non
1164 717 1248 776 licuit
1261 717 1335 775 mihi
1350 735 1404 795 per

331 833 397 871 mea
410 815 536 892 negotia
579 814 730 872 Hactenus
743 835 802 874 nou
817 815 952 874 sinebant
966 817 1084 894 negotia
1096 823 1131 872 ut
1144 823 1173 872 te
1188 815 1320 872 viserem.

392 910 422 967 N
423 931 461 968 on
482 909 668 990 patiebantur
687 911 782 970 undae
803 914 988 990 negotiorum
1007 911 1111 991 quibus
1131 910 1301 969 involvebar
1321 915 1355 966 ut
1374 916 1404 966 te

331 1006 494 1065 salutarem.
537 1006 674 1085 Negotiis
687 1009 771 1066 meiis
784 1008 951 1087 imputabis,
967 1030 1025 1068 non
1039 1009 1119 1068 mihi.

393 1103 462 1161 Non
476 1103 573 1162 defuit
586 1103 728 1178 voluntas,
744 1106 795 1185 scd
810 1107 904 1164 vetuit
916 1107 1080 1164 necessitas.

331 1311 476 1356 Noenu}

776 1367 838 1417 Heic
849 1369 961 1432 sepultus

683 1447 837 1512 Sempiterna
848 1451 971 1499 oblivione
986 1449 1053 1512 jacet

785 1530 953 1579 'lomaelurus

555 1611 645 1660 illustri
656 1611 733 1660 selim
744 1613 865 1662 melitensi
876 1614 995 1662 muricide
1006 1615 1083 1676 stirpe
1095 1618 1181 1661 uatus:

848 1696 891 1756 qui

536 1775 652 1838 culinam,
663 1777 816 1839 praesertim,
828 1784 854 1826 et
865 1777 999 1826 triclinium
1010 1777 1109 1824 assidue
1120 1775 1205 1836 coluit,

694 1858 816 1920 puerulos,
829 1865 858 1907 ut
868 1859 946 1920 decet,
958 1860 1045 1919 scabit,

496 1944 634 1989 tumentem
645 1955 749 1989 arenam
760 1941 870 2002 caudam,
883 1942 1017 1990 exsibilans
1028 1948 1104 2002 atque
1114 1954 1240 2002 exspuens

476 2023 503 2071 in
513 2038 603 2072 eanum
613 2037 702 2072 ussum
713 2021 870 2086 indignanter
881 2024 1034 2072 acutissimas
1045 2037 1140 2086 ungues
1151 2022 1264 2082 tentarit,

585 2105 711 2154 mordaces
722 2105 815 2167 pulices
827 2105 953 2154 indefessa
963 2121 1023 2153 eura
1033 2106 1139 2165 vexant,

777 2187 820 2235 sed
832 2187 962 2250 praecipue

580 2267 609 2316 in
619 2268 687 2318 exitu
698 2269 804 2316 murium
815 2269 847 2317 de
857 2270 1020 2341 foraminibus
1031 2270 1057 2316 iu
1068 2270 1162 2331 pariete

691 2351 766 2412 venit,
777 2351 846 2412 vidit,
859 2352 926 2412 vicit,
938 2352 1048 2411 vorarit3

760 2441 807 2494 ast,
819 2434 883 2496 proh
893 2434 963 2482 dolor
973 2436 979 2483 l

373 2515 546 2566 dormientium
558 2530 630 2564 aures
641 2517 854 2580 sesquipedalibus
865 2517 971 2566 modulis
982 2516 1068 2579 longas
1079 2531 1123 2579 per
1134 2521 1220 2564 noctes
1231 2515 1369 2578 affligendo,

559 2597 658 2647 evulsos
668 2599 730 2662 jube
740 2599 803 2663 pilos
816 2600 887 2663 longe
898 2600 996 2660 lateque
1007 2599 1176 2662 dispergendo,

360 2678 410 2728 late
422 2693 449 2728 se
460 2678 623 2728 diffudeutem
634 2680 738 2728 caudam
749 2681 855 2743 pedibus
865 2681 1042 2742 cujuscumque
1053 2681 1205 2743 inopinantis
1214 2679 1384 2743 supponendo,

570 2763 740 2827 impinguatus
751 2770 777 2812 et
788 2764 939 2811 incrassatus
951 2769 976 2811 et
987 2763 1175 2825 somniculosus,

592 2846 728 2895 venerabili
738 2847 860 2908 tardaque
870 2852 997 2894 senectute
1008 2847 1148 2894 caecutiens

647 2925 709 2992 (non
720 2930 781 2978 adeo
792 2935 876 2977 tumen
887 2935 922 2990 ut,
935 2935 1010 2976 natus
1021 2929 1091 2990 dolis,

362 3008 506 3059 debeatims
516 3010 613 3060 fercula
624 3025 675 3060 non
685 3013 787 3073 rideret,
799 3011 925 3073 olfaceret,
937 3011 1089 3072 subrepticia
1099 3010 1234 3059 calliditate
1245 3009 1380 3072 abriperet)

758 3109 797 3144 res
808 3095 884 3144 noxia
894 3094 985 3155 factus,

494 3190 524 3225 eo
535 3175 698 3239 implacabilis
708 3178 735 3226 iu
746 3177 829 3226 odium
841 3176 1054 3236 offensionemque
1064 3176 1138 3236 coqui
1149 3175 1254 3223 incurrit

860 3264 888 3306 ut

468 3339 495 3388 in
506 3341 567 3390 cado
578 3339 706 3406 (lateribus
718 3341 782 3390 circa
793 3341 882 3389 collum
894 3341 1001 3402 primum
1012 3339 1104 3403 ligatis)
1115 3341 1267 3401 submersus,

791 3422 949 3472 recalcitrans

419 3510 445 3554 et
456 3503 588 3569 sacrilegas
598 3505 626 3554 in
637 3504 716 3554 Isidos
727 3510 753 3554 et
765 3505 867 3553 Osiridis
878 3510 1035 3553 sacrosancta
1045 3503 1146 3552 uomina
1157 3502 1325 3565 blasphemias

699 3587 775 3636 felino
786 3587 902 3634 idiomate
913 3586 1046 3647 ejaculans,

519 3667 626 3732 plenam,
638 3673 667 3716 ut
678 3673 754 3732 patet,
767 3668 861 3716 meritis
872 3668 934 3717 ehu!
952 3667 1015 3716 ehu!
1032 3667 1109 3714 vitam
1121 3666 1226 3728 finierit,

612 3750 693 3800 lunari
703 3751 792 3799 utatis
803 3765 863 3798 suae
874 3764 940 3798 anno
951 3756 1022 3798 sexto
1034 3749 1136 3810 decimo,

694 3847 710 3880 a
721 3832 849 3882 Balahami
860 3832 943 3880 asinae
955 3831 1057 3892 eloquio.

752 3914 994 3964 luluoccxxxv.

389 4062 397 4094 ¹
410 4063 548 4127 Appended
558 4069 585 4112 to
595 4078 629 4111 an
640 4063 680 4112 old
696 4062 787 4112 tir-trae
803 4064 829 4111 in
842 4063 886 4111 the
897 4078 998 4125 campus
1009 4063 1037 4110 of
1053 4062 1088 4111 St.
1100 4061 1230 4123 Stephen's
1242 4061 1348 4124 (lellege,
1359 4063 1410 4110 An·

338 4146 451 4208 nandale,
463 4144 524 4194 New
534 4145 632 4207 Yorlr,
624 4159 646 4194 rs
656 4145 700 4194 the
711 4146 788 4194 above
799 4145 908 4207 epitaph,
920 4145 1017 4192 written
1033 4146 1065 4205 by
1076 4159 1108 4192 an
1119 4143 1233 4191 alumnus
1245 4143 1274 4191 oi
1289 4143 1345 4191 that
1356 4149 1410 4191 seat

338 4228 368 4276 of
378 4228 495 4292 learning,
507 4227 551 4277 the
562 4227 621 4282 Rev,
631 4227 658 4277 (l
670 4227 781 4290 Stauder,
793 4243 825 4277 on
836 4227 879 4276 the
890 4228 1004 4276 occasion
1014 4227 1096 4275 ottho
1107 4225 1322 4289 slsughterbyeu
1333 4241 1410 4290 angry

339 4310 403 4360 cook
413 4310 463 4359 and
475 4309 554 4359 burial
564 4311 593 4360 oi
603 4310 647 4360 the
658 4311 756 4360 audent
767 4311 858 4374 college
869 4317 922 4359 cat:
