3334 5109
348 382 422 435 222
789 388 974 439 LATINE.

352 566 478 611 mmo
502 568 635 611 mm
663 566 833 611 (mmm
856 566 1079 611 Jeeomsrs.
1112 566 1196 619 [Post
1211 567 1419 622 empne-uim

399 636 544 689 anglicam
557 635 743 679 Drekonsr'm
756 644 774 677 s
786 634 902 677 Nathan
915 634 1040 677 Heslrell
1050 633 1123 677 Dolo
1134 634 1234 685 tecte]

579 737 620 797 Η]
632 735 703 797 lowly
713 736 759 783 hut
770 736 791 783 is
802 735 920 784 thetclred
932 735 992 784 with
1002 742 1078 783 strue

611 817 682 866 From
695 817 765 866 fields
777 818 858 866 where
869 817 1031 865 rice-elienses
1041 817 1160 877 frequent
1171 817 1255 877 stand,

578 900 639 948 Now
650 902 775 949 eutumn's
786 900 887 949 harvest
898 900 1021 963 well-niglu
1032 901 1091 960 o’er,

611 982 734 1031 Collocted
746 984 779 1045 by
789 998 831 1045 my
841 982 930 1045 toiling
940 983 1022 1031 hund:

577 1065 693 1128 Thronglr
704 1066 811 1115 tettered
823 1066 879 1114 roos
888 1066 933 1113 the
944 1065 991 1128 sky
1002 1064 1015 1113 1
1025 1066 1096 1126 view,

578 1147 620 1210 Μ]
630 1148 725 1197 clothes
736 1163 778 1197 ere
788 1156 838 1197 iret
848 1148 908 1197 trith
919 1146 1009 1210 falling
1018 1148 1080 1195 (lew.
1123 1175 1126 1182 ι

671 1279 805 1337 Taberna
818 1279 884 1336 vilis
897 1278 1008 1355 tegitur

671 1396 758 1433 menn
772 1375 911 1433 conlectis
924 1381 1042 1433 strenua

673 1472 746 1530 mihi
760 1492 795 1530 ex
809 1492 880 1551 sgro
894 1492 999 1550 oryzae
1012 1472 1117 1529 culmis

673 1587 731 1645 quo
745 1576 823 1625 stant
837 1568 896 1627 iere
910 1568 998 1626 iactis
1010 1568 1114 1626 messis

672 1665 765 1723 crebri
781 1665 929 1724 laboribus
942 1665 1053 1734 fasces:

670 1764 740 1820 tecti
755 1763 869 1822 nudant
881 1764 973 1821 rimae
987 1771 1080 1820 estere
1091 1781 1098 1835 ;

671 1860 793 1917 rorescit
805 1859 937 1937 squalida
949 1860 1047 1917 vestis.

348 2031 559 2077 INSCRIPTIO.

413 2114 505 2193 Haec!
520 2136 673 2213 inscriptio
695 2136 725 2193 in
745 2142 936 2193 monumento
957 2134 1119 2213 sepulcrali,
1143 2134 1223 2212 quod
1247 2134 1327 2192 intre
1348 2140 1423 2191 tem·

353 2230 434 2308 plum
449 2230 657 2303 Christianum,
672 2252 763 2309 prope
777 2232 875 2304 Leedc,
889 2231 1100 2290 Britannorum
1114 2231 1225 2304 urbem,
1241 2238 1339 2290 extat:

413 2328 473 2386 Hic
494 2328 572 2405 jacet
594 2328 716 2387 Carolus
738 2329 832 2389 Lister
854 2330 886 2387 in
908 2336 1031 2407 utruque
1044 2329 1137 2389 Aean
1157 2329 1235 2389 Med.
1259 2328 1344 2387 stud.
1369 2326 1421 2405 qui

351 2426 416 2504 ipse
429 2426 516 2504 paulo
532 2432 599 2484 ente
614 2434 741 2485 mortem
755 2446 836 2485 suem
850 2427 959 2485 cecinit
971 2446 1114 2505 cygneum
1128 2427 1304 2485 cantionem.

496 2547 509 2597 1
527 2539 594 2598 Cor.
611 2541 667 2612 xvi,
684 2547 730 2599 55.
1071 2540 1183 2613 Phili,
1199 2546 1246 2598 23.

416 2636 478 2696 Ubi
493 2656 573 2695 mors
587 2638 703 2696 aculeus
717 2640 804 2697 tunel
1042 2638 1139 2717 Cupio
1154 2638 1283 2697 dissolvi.

430 2797 521 2855 Grata
534 2799 626 2871 venis,
641 2818 729 2873 mors,
981 2799 1065 2857 Mens
1078 2818 1145 2857 mee
1158 2798 1316 2872 muudum,

432 2893 522 2952 Grata
537 2896 627 2967 venis,
643 2916 697 2957 nec
981 2895 1125 2973 Vanaque
1139 2896 1218 2953 vitae

432 2991 480 3051 Me
495 3000 546 3050 tua
560 2999 672 3051 terrent
982 2990 1110 3064 Somnia,
1126 2999 1156 3051 et
1169 2991 1298 3065 umbras,

433 3088 560 3167 Spicula,
577 3109 651 3167 quae
665 3108 742 3147 nnnc
982 3086 1073 3147 lecte
1085 3089 1234 3167 relinquit.

433 3184 535 3243 Sentio
549 3186 580 3243 in
594 3205 683 3263 aegro
982 3185 1023 3243 Et
1035 3187 1119 3264 cupit
1131 3185 1186 3244 elis
1289 3221 1292 3226 -

433 3282 562 3360 Corpore
576 3282 641 3343 fixn
984 3282 1061 3341 Nixs
1074 3283 1230 3341 duabus—

433 3379 513 3437 Mors
528 3380 637 3437 etenim
652 3379 720 3457 agni
983 3379 1098 3459 Speque
1112 3379 1274 3459 fideque-

358 3555 361 3561 ·
434 3478 468 3535 In
483 3496 568 3535 cruce
582 3477 659 3535 caesi
984 3476 1129 3536 Scandere
1144 3497 1275 3536 summes

433 3574 473 3655 (Ο
485 3594 567 3633 emor
581 3575 684 3653 iugens
695 3572 720 3655 Ι)
983 3574 1122 3633 Aetheris
1136 3594 1219 3633 ores:

432 3670 574 3749 Undique
587 3678 716 3730 mentem
876 3709 880 3714 -
983 3670 1091 3728 Merset
1104 3670 1157 3728 ubi
1170 3689 1203 3728 se

433 3767 538 3841 Munit,
555 3776 585 3825 et
598 3767 679 3826 illam
984 3766 1116 3825 Flumine
1129 3768 1197 3845 puri

434 3864 536 3923 Servat
550 3865 587 3922 ab
598 3866 680 3923 omni
984 3864 1102 3938 Geudii,
1116 3864 1198 3936 lesu,

434 3960 564 4020 Vulnere
578 3968 681 4021 tutam.
985 3960 1090 4039 Teque·
1099 3962 1214 4019 fruetur

985 4057 1093 4116 Omnia
1105 4059 1138 4117 in
1150 4078 1230 4120 aevu.

406 4175 474 4225 oon
484 4175 525 4223 uie
536 4190 559 4224 v.
571 4137 638 4237 uugss
648 4179 722 4223 net.
735 4174 811 4235 nst,
822 4176 898 4223 Anno
909 4173 953 4223 en
965 4172 1174 4222 uncnxxer.
