3334 5109
385 754 432 795 Iter
439 755 470 796 ert
480 756 573 807 tenorem
584 765 626 807 per
635 757 755 807 praecepte
772 756 835 797 treee
843 756 863 797 et
871 756 949 807 mee
957 766 1001 807 per
1009 755 1260 798 nrm-Sernes.

320 950 386 990 sorr
581 924 653 1077 L
1150 954 1251 994 resset
1267 953 1336 993 ocr.

286 1022 422 1065 tsoaacr.
675 963 737 1079 A
755 963 810 1079 T
831 963 864 1078 Ι
889 964 948 1081 N
973 964 1028 1080 E
1050 1050 1064 1079 .
1129 1027 1360 1068 moeccrxxxuu.

433 1214 442 1252 l
458 1210 554 1253 “Halta
563 1211 643 1263 Repe:
658 1210 736 1253 Reuss
744 1210 829 1256 Docta:
844 1210 1186 1260 BeteataDooe.”—Comms.

328 1374 426 1421 secor:
442 1374 509 1431 Quid
518 1375 565 1423 tibi
575 1376 623 1435 vis,
635 1376 656 1423 0
667 1375 804 1436 ephemeris
815 1375 933 1436 pervelat

328 1448 415 1495 Latiae
421 1463 431 1496 .·
447 1448 482 1496 Ut
496 1450 591 1497 Terenti
602 1451 678 1497 verbe
686 1450 797 1498 flectam:
819 1450 909 1497 Leuat
917 1450 982 1497 nihil
991 1464 1006 1497 a
1015 1465 1053 1497 me
1062 1451 1169 1498 alienum
1177 1456 1244 1511 puto.
1276 1450 1294 1476 “
1300 1450 1358 1498 Non

283 1523 349 1569 aem
363 1526 414 1569 tem
427 1523 583 1585 praeelorum
598 1528 630 1571 eet
645 1524 704 1571 eeire
721 1525 819 1572 ernrs
835 1538 908 1585 quom
922 1528 992 1585 turpe
1001 1525 1199 1573 aereire.”-Cre.
1211 1525 1287 1572 Banr.
1300 1538 1355 1571 exn

286 1712 314 1757 0.
332 1714 453 1758 IULIUS
471 1713 615 1757 CAESAR.
643 1714 759 1770 [Altera
771 1714 862 1767 pars]

346 1814 404 1895 (9.)
426 1816 543 1876 Bellum
554 1816 701 1875 Gallicum
713 1816 745 1876 C.
758 1816 882 1876 Caesare
892 1816 1068 1895 imperatore
1081 1823 1196 1894 gestum
1207 1822 1259 1887 est,
1271 1822 1357 1873 antea

282 1919 398 1971 tantum
411 1914 500 1971 modo
515 1913 682 1991 repulsum;
704 1933 818 1991 semper
832 1914 897 1971 illas
911 1914 1045 1972 nationes
1059 1914 1151 1971 nostri
1165 1914 1356 1991 imperatores

283 2010 454 2069 refutandas
471 2011 572 2089 potius
593 2010 671 2069 bello
693 2020 779 2089 quam
801 2011 983 2069 lacessandes
1004 2017 1183 2089 putaverunt
1226 2009 1294 2087 Ipse
1307 2008 1357 2067 ille

284 2106 316 2166 0.
329 2107 447 2181 Marius,
458 2109 540 2166 cuius
552 2108 654 2166 divina
663 2115 753 2185 atque
767 2108 875 2166 eximia
883 2108 974 2165 virtus
988 2109 1100 2186 magnis
1113 2108 1215 2185 populi
1230 2106 1356 2165 Romani

283 2204 412 2263 luctibus
440 2204 652 2283 funeribusque
682 2204 826 2276 subvenit,
849 2204 1000 2263 influentis
1019 2207 1050 2262 in
1070 2204 1184 2262 Italiam
1205 2204 1356 2262 Gallorum

282 2302 424 2361 maximas
435 2303 535 2381 copias
548 2303 696 2381 repressit,
708 2322 768 2360 non
782 2294 846 2381 ipse
860 2301 899 2359 sd
913 2322 1012 2360 eorum
1028 2302 1107 2359 urbis
1121 2302 1256 2379 sedisque
1270 2321 1357 2379 pene·

282 2400 379 2458 travit.
422 2399 455 2459 O.
468 2400 600 2459 Caesaris
614 2401 702 2479 longe
717 2400 905 2483 aliamuvideo
920 2401 1012 2458 fuisse
1026 2400 1165 2457 rationem
1178 2418 1185 2471 3
1203 2418 1262 2457 non
1277 2400 1355 2457 enim

283 2495 340 2553 sibi
354 2496 449 2555 solum
463 2516 530 2555 cum
547 2498 598 2570 eis,
614 2516 689 2575 quos
702 2498 761 2555 iam
776 2505 903 2555 armatos
917 2502 1019 2555 contra
1036 2496 1176 2574 populum
1190 2496 1355 2554 Romanum

282 2592 410 2665 videbat,
425 2592 595 2652 bellandum
610 2613 673 2652 esse
685 2594 778 2666 duxit,
791 2593 844 2651 sed
854 2600 949 2651 totam
959 2592 1083 2651 Galliam
1097 2594 1128 2650 in
1142 2600 1270 2650 nostram
1285 2592 1356 2650 diei-

283 2709 369 2747 onem
383 2710 446 2748 esse
460 2690 661 2769 redigendam.
692 2690 797 2767 Itaque
809 2709 877 2749 eum
887 2690 1035 2748 acerrimis
1046 2687 1212 2747 nationibus
1223 2697 1253 2747 et
1266 2690 1356 2746 mari-

281 2787 339 2845 mis
353 2786 565 2848 Germanorum
580 2795 611 2847 et
632 2786 839 2846 Helvetiorum
856 2787 977 2865 proeliis
995 2787 1159 2845 felicissime
1179 2786 1354 2858 decertavit3

282 2892 392 2943 ceteras
406 2880 576 2957 conterruit,
592 2884 744 2963 compulit,
760 2884 885 2957 domuit,
900 2885 1024 2962 imperio
1043 2884 1145 2961 populi
1166 2883 1292 2941 Romani
1306 2903 1355 2961 pa-

281 3000 344 3040 rere
357 2980 518 3040 adsuefecit
532 2994 563 3041 et
578 3001 651 3059 quas
664 2982 800 3059 regiones
815 3001 944 3059 quasque
958 2982 1055 3059 gentis
1069 2980 1163 3039 nullae
1175 2980 1259 3038 nobis
1270 2989 1355 3038 antea

281 3077 405 3149 litterae,
419 3077 501 3147 nulla
514 3098 579 3151 vox,
595 3078 676 3136 nulla
693 3079 773 3137 fama
791 3088 876 3137 notas
890 3080 1008 3151 fecerat,
1023 3098 1071 3137 eas
1085 3086 1183 3137 noster
1195 3080 1354 3157 imperator

280 3182 437 3253 nosterque
455 3175 607 3247 exercitus,
629 3182 661 3233 et
680 3176 783 3253 populi
805 3176 931 3235 Romani
952 3196 1032 3234 arma
1052 3185 1247 3254 peragrarunt.
1291 3175 1352 3254 (De

281 3270 368 3331 Prov.
384 3271 512 3343 Consul,
527 3270 545 3351 ξ
559 3277 606 3344 32,
622 3279 653 3330 et
667 3269 731 3351 33.)

344 3364 421 3449 (10.)
443 3368 476 3427 C.
492 3367 647 3427 Caesarem
669 3376 788 3428 senatus
809 3377 840 3429 et
860 3390 967 3448 genero
981 3370 1223 3450 supplicationem
1237 3370 1353 3447 amplis·

282 3466 357 3524 simo
371 3466 488 3524 ornavit
509 3473 539 3523 et
560 3485 683 3525 numero
705 3467 820 3525 dierum
841 3485 936 3547 nov03
958 3467 1036 3526 idem
1051 3468 1081 3525 in
1091 3461 1238 3545 ¹angustiis
1251 3468 1353 3525 aerarii

282 3562 423 3621 victorem
445 3563 606 3621 exercitum
628 3563 778 3640 stipendio
799 3564 919 3637 adfecit
934 3565 1102 3643 imperatori
1122 3565 1222 3623 decern
1240 3564 1353 3641 legatos

283 3659 420 3732 decrevit,
435 3659 501 3738 lege
516 3658 692 3738 Sempronia
705 3660 921 3719 succedendum
935 3681 996 3719 non
1010 3663 1129 3720 censuit
1170 3660 1284 3719 Harum
1298 3680 1353 3739 ego

281 3756 492 3815 sententiarum
506 3764 536 3816 et
551 3758 686 3836 princeps
701 3765 731 3816 et
746 3766 848 3816 auctor
862 3758 914 3830 fui,
926 3778 1021 3836 neque
1031 3779 1078 3817 me
1088 3758 1262 3817 dissensioni
1272 3778 1354 3817 meae

281 3855 422 3933 pristinae
436 3854 532 3933 putari
545 3856 646 3935 potius
667 3856 807 3913 adsentiri
829 3875 917 3932 quarn
938 3855 1138 3933 praesentibus
1158 3857 1199 3914 rei
1219 3855 1354 3933 publicae

281 3952 463 4030 temporibus
485 3960 514 4012 et
543 3953 719 4012 concordiae
749 3953 913 4011 convenire.
959 3950 1032 4031 (Pro
1052 3952 1156 4024 Balbo,
1178 3950 1196 4030 ἕ
1219 3958 1265 4013 61.
1308 3952 1352 4011 ef.

282 4048 375 4127 Epist
392 4049 429 4107 ad
443 4050 520 4123 fam,
538 4056 564 4123 1,
581 4048 608 4122 7,
626 4055 683 4108 1οε
705 4049 744 4107 Et
764 4049 943 4128 stipendium
966 4049 1082 4108 Caesari
1103 4050 1252 4108 decretum
1266 4057 1310 4109 est
1325 4057 1354 4109 et

282 4145 385 4205 decem
398 4132 541 4225 legetiet,
553 4167 591 4205 ne
604 4146 671 4225 lege
682 4146 856 4225 Sempronia
869 4146 1080 4219 succederetur,
1091 4147 1177 4205 facile
1191 4147 1355 4226 perfeetum

283 4249 336 4301 est
378 4243 450 4301 And
470 4244 508 4303 de
529 4243 617 4303 Prov.
640 4242 768 4317 Consul,
790 4241 882 4323 §232
904 4244 952 4303 Me
973 4265 1055 4304 meus
1075 4246 1105 4303 in
1127 4265 1187 4303 rem
1208 4245 1357 4323 publicam
