3334 5109
325 380 348 431 2
765 386 909 438 LATIN
915 389 951 439 E.

388 558 413 610 6.
437 552 471 609 In
495 552 574 611 bello
599 573 665 611 cum
689 553 839 611 Antiocho
863 562 948 632 gesto
970 556 1061 612 virtus
1084 552 1192 610 enituit
1215 554 1334 629 egregia
1355 553 1394 610 M.

326 648 454 710 Catonis
498 648 567 729 (pro
583 650 658 709 Mur.
675 650 691 729 ξ
708 648 770 729 ³2.)

388 745 414 803 7.
438 745 476 803 M.
492 745 636 804 (latonam
658 747 739 804 illum
763 746 940 823 Sapientem,
956 747 1149 805 clarissimum
1164 746 1259 803 virum
1280 754 1310 803 et
1330 767 1396 824 pru-

327 842 540 913 dentissimum,
559 862 625 900 cum
647 842 748 901 multis
771 861 873 920 graves
895 844 1063 901 inimicitias
1086 842 1210 921 gessisse
1232 842 1396 918 accepimus

326 948 447 1016 propter
460 938 670 1015 Hispanorum,
686 938 766 1016 apud
780 958 854 1015 quos
874 940 975 997 consul
996 941 1103 1015 fuerat,
1118 939 1247 997 iniurias.
1291 937 1394 1018 (divin.

327 1036 357 1092 in
372 1034 478 1093 Caecil.
494 1033 517 1113 ξ
529 1036 591 1115 66.)

389 1138 415 1191 8.
438 1132 478 1191 Μ.
494 1132 616 1190 Catonis
638 1132 761 1190 consilio
784 1131 899 1189 illatum
923 1132 1030 1191 bellum
1054 1134 1174 1192 tertium
1198 1130 1351 1205 Punicum,
1366 1134 1396 1189 in

328 1246 386 1305 quo
401 1229 491 1286 etiam
505 1230 614 1312 mortui
629 1229 720 1293 valuit
734 1230 899 1287 auctoritas.
944 1228 995 1309 (de
1010 1230 1085 1289 offic.
1103 1235 1117 1285 1
1136 1226 1153 1307 ξ
1169 1228 1231 1309 79.)

389 1331 415 1383 9.
439 1326 478 1384 Μ.
494 1326 569 1385 Cato
585 1327 698 1384 senatui
713 1346 786 1403 quae
801 1327 860 1383 sint
872 1327 1003 1404 gerenda
1016 1326 1205 1406 praescripsit
1218 1327 1275 1385 hoc
1289 1327 1396 1386 modo:

328 1421 531 1501 ‘Karthagine
544 1423 621 1482 male
634 1425 692 1482 iam
708 1423 759 1481 diu
773 1424 916 1501 cogitanti
931 1424 1040 1482 bellum
1053 1423 1149 1481 multo
1164 1431 1231 1482 ante
1246 1423 1396 1496 denuntio,

329 1520 367 1578 de
381 1539 439 1598 qua
452 1521 546 1587 vereri
559 1540 620 1579 non
635 1528 703 1579 ante
718 1522 849 1580 desinam
865 1540 951 1599 quam
971 1520 1052 1578 illam
1067 1522 1194 1579 excisam
1208 1540 1271 1578 esse
1291 1540 1398 1599 cogno

328 1636 403 1676 vero.
450 1617 543 1694 (Cato
551 1618 619 1676 mai.
635 1617 653 1698 ξ
671 1618 731 1697 18.)

391 1720 437 1773 10.
460 1714 507 1773 De
528 1714 607 1774 bello
621 1715 736 1774 Punico
757 1735 824 1773 cum
845 1715 925 1773 aliud
939 1715 978 1774 M.
994 1715 1111 1783 Catoni,
1126 1715 1208 1773 aliud
1226 1714 1257 1773 L
1273 1714 1398 1773 Lentulo

327 1811 483 1885 videretur,
493 1812 574 1870 nulla
583 1813 661 1871 inter
671 1832 722 1871 eos
732 1814 910 1871 concertatio
922 1832 1060 1890 nmquam
1072 1812 1136 1871 fuit
1167 1811 1266 1892 (Tuae
1278 1820 1295 1869 3
1305 1812 1323 1891 ς
1335 1815 1397 1891 51.)

646 1940 765 2007 [ΜΨ
776 1940 1083 2007 mammantes]

331 2166 359 2211 G.
376 2168 499 2212 IULIUS
516 2168 659 2211 CAESAR.

392 2293 417 2345 1.
440 2286 565 2345 Utinam
580 2286 612 2346 C.
628 2285 744 2344 Caesari
758 2286 931 2363 contigisset
944 2287 1132 2359 adulescenti,
1148 2294 1182 2344 ut
1196 2294 1273 2345 esset
1286 2288 1399 2345 senatui

328 2391 417 2462 atque
432 2384 546 2463 optimo
561 2384 667 2462 cuique
681 2383 864 2441 carissimus!
886 2384 967 2460 quod
980 2403 1048 2441 cum
1058 2386 1200 2461 consequi
1214 2384 1398 2461 neglexisset,

330 2500 448 2539 omnem
464 2482 523 2539 vim
537 2481 658 2558 ingenii,
675 2499 749 2557 quae
763 2498 877 2537 summa
890 2480 946 2538 fuit
959 2481 990 2538 in
1005 2480 1065 2552 illo,
1080 2481 1112 2539 in
1126 2481 1261 2558 populari
1281 2481 1399 2540 levitate

328 2578 519 2657 consumpsit
562 2578 661 2655 itaque
675 2596 743 2635 cum
756 2583 921 2654 respectum
935 2578 973 2635 ad
987 2585 1122 2636 senatum
1136 2585 1167 2636 et
1180 2579 1219 2636 ad
1232 2568 1326 2636 bonos
1339 2599 1399 2638 non

330 2674 461 2749 haberet,
476 2695 541 2733 eam
555 2675 613 2733 sibi
627 2658 703 2733 viam
717 2676 780 2753 ipse
794 2675 937 2753 patefecit
950 2675 988 2731 ad
1003 2694 1074 2753 opes
1089 2694 1155 2742 snas
1170 2675 1398 2753 amplificandas,

329 2792 419 2849 quam
440 2772 532 2831 virtus
553 2771 639 2831 liberi
660 2772 764 2849 populi
784 2772 862 2829 ferre
886 2791 944 2829 non
967 2779 1073 2849 posset.
1117 2770 1295 2850 (Philipps
1317 2772 1397 2851 §aa

329 2868 378 2927 Of.
393 2870 424 2926 in
446 2868 531 2929 Catil.
548 2874 565 2925 4
580 2868 598 2949 ξ
614 2874 648 2927 9:
670 2868 702 2926 Ο.
719 2867 825 2925 Caesar
845 2869 876 2925 in
896 2888 927 2926 re
945 2868 1065 2946 publica
1084 2870 1171 2941 viam,
1188 2876 1260 2947 quae
1281 2870 1400 2947 popula-

328 2967 371 3023 ris
385 2966 517 3039 habetur,
532 2972 648 3024 secutus
662 2963 729 3043 est)

387 3068 413 3121 2.
436 3062 469 3123 O.
485 3062 593 3121 Caesar
606 3082 624 3120 a
637 3061 814 3121 Catilinariis
828 3063 932 3121 mortis
945 3082 1071 3146 poenam
1085 3071 1224 3135 removet,
1239 3072 1401 3121 ceterorum

329 3159 545 3239 suppliciorum
559 3159 655 3217 omnis
669 3157 841 3216 acerbitates
854 3158 1048 3237 amplectitur,
1058 3159 1229 3237 municipiis
1243 3158 1400 3237 dispertiri,

328 3256 411 3315 bona
430 3256 574 3335 publicari
594 3255 684 3315 iubet
727 3254 773 3335 (iu
786 3254 872 3314 Catil
888 3260 907 3311 4
922 3254 941 3333 ξ
957 3255 983 3313 7.
1025 3255 1074 3315 of.
1090 3258 1174 3335 epist.
1189 3256 1227 3314 ad
1246 3255 1336 3314 Attio.
1354 3262 1400 3328 12,

334 3359 382 3426 21,
406 3360 448 3413 a:
464 3352 597 3411 Caesaris
619 3352 763 3409 sententia
784 3351 815 3407 in
840 3349 1027 3409 Catilinarios
1051 3371 1153 3410 severa
1176 3351 1239 3425 fixit,
1263 3352 1314 3429 qui
1338 3358 1401 3409 tum

266 3464 268 3468 ·
333 3450 481 3529 practorio
497 3449 563 3507 loco
578 3446 677 3527 dixit.)

336 3593 339 3597 .
396 3554 422 3607 3.
444 3546 478 3607 C.
493 3545 679 3605 Caesareum
692 3550 770 3602 esset
781 3543 813 3601 in
827 3542 973 3621 Hispania
985 3552 1112 3622 praetor,
1127 3544 1269 3622 populum
1283 3543 1403 3603 Gadita-

246 3715 249 3721 Ἴ
333 3664 407 3703 num
419 3644 521 3703 multis
541 3641 722 3701 ornamentis
736 3639 855 3711 adfecit,
870 3642 1082 3699 controversias
1102 3641 1225 3714 sedavit,
1236 3637 1312 3713 iura,
1327 3642 1403 3719 ipso·

330 3762 400 3801 rum
420 3741 572 3821 permissu,
586 3739 697 3811 statuit,
711 3738 904 3795 inveteratam
918 3738 1066 3814 quandam
1086 3737 1250 3797 barbariam
1265 3758 1301 3796 ex
1314 3738 1404 3804 Gadi·

335 3847 470 3897 tenorum
483 3838 617 3899 moribus
630 3835 844 3913 disciplinaque
857 3832 975 3907 delevit,
990 3854 1104 3893 summa
1124 3836 1155 3892 in
1170 3854 1235 3893 eam
1253 3836 1403 3893 civitatem

336 3936 436 3995 studia
448 3954 482 3993 ac
495 3933 639 3993 beneficia
652 3931 785 3991 contulit
819 3929 896 4022 (pro
910 3930 1004 3989 Balbo
1019 3930 1037 4011 ἓ
1052 3928 1114 4007 43.)

397 4036 430 4089 4.,
447 4030 481 4091 C.
496 4030 604 4090 Caesar
622 4031 719 4110 primo
733 4049 785 4088 suo
806 4028 960 4087 consulatu
979 4028 1046 4106 lege
1066 4029 1180 4106 agraria
1200 4047 1303 4106 agrurn
1316 4027 1406 4086 Vola-

334 4134 484 4209 terranum
511 4134 543 4187 et
565 4128 710 4206 oppidum
736 4127 815 4185 omni
843 4126 974 4205 periculo
1002 4127 1035 4183 in
1058 4131 1233 4204 perpetuum
1259 4124 1403 4183 liberavit.

246 4214 247 4217 ‘
335 4224 438 4307 (epia.
453 4224 597 4290 adsumit
614 4222 762 4303 13,4„2.)
