<?xml version="1.0" encoding="UTF-8"?>
<!DOCTYPE html PUBLIC "-//W3C//DTD XHTML 1.0 Transitional//EN"
    "http://www.w3.org/TR/xhtml1/DTD/xhtml1-transitional.dtd">
<html xmlns="http://www.w3.org/1999/xhtml" xml:lang="en" lang="en">
 <head>
  <title>
</title>
<meta http-equiv="Content-Type" content="text/html;charset=utf-8" />
  <meta name='ocr-system' content='tesseract 3.04.00' />
  <meta name='ocr-capabilities' content='ocr_page ocr_carea ocr_par ocr_line ocrx_word'/>
</head>
<body>
  <div class='ocr_page' id='page_1' title='image "./latineetgraece00unkngoog_0225.png"; bbox 0 0 3334 5109; ppageno 0'>
   <div class='ocr_carea' id='block_1_1' title="bbox 707 390 1336 445">
    <p class='ocr_par' dir='ltr' id='par_1_1' title="bbox 707 390 1336 445">
     <span class='ocr_line' id='line_1_1' title="bbox 707 390 1336 445; baseline -0.006 -1"><span class='ocrx_word' id='word_1_1' title='bbox 707 394 893 445; x_wconf 87' lang='lat' dir='ltr'><strong>LATINE.</strong></span> <span class='ocrx_word' id='word_1_2' title='bbox 1262 390 1336 441; x_wconf 77' lang='lat'><strong>215</strong></span> 
     </span>
    </p>
   </div>
   <div class='ocr_carea' id='block_1_2' title="bbox 259 540 1410 4225">
    <p class='ocr_par' dir='ltr' id='par_1_2' title="bbox 267 540 1337 738">
     <span class='ocr_line' id='line_1_2' title="bbox 267 540 1337 639; baseline -0.002 -24"><span class='ocrx_word' id='word_1_3' title='bbox 267 560 309 616; x_wconf 85' lang='lat' dir='ltr'><strong>ait</strong></span> <span class='ocrx_word' id='word_1_4' title='bbox 323 559 472 633; x_wconf 83' lang='lat' dir='ltr'><strong>Horatius,</strong></span> <span class='ocrx_word' id='word_1_5' title='bbox 493 581 588 639; x_wconf 92' lang='lat' dir='ltr'><strong>neque</strong></span> <span class='ocrx_word' id='word_1_6' title='bbox 612 561 771 619; x_wconf 88' lang='lat' dir='ltr'><strong>consularis</strong></span> <span class='ocrx_word' id='word_1_7' title='bbox 794 540 879 619; x_wconf 84' lang='lat' dir='ltr'><strong>lictor</strong></span> <span class='ocrx_word' id='word_1_8' title='bbox 895 561 1037 619; x_wconf 88' lang='lat' dir='ltr'><strong>tumultus</strong></span> <span class='ocrx_word' id='word_1_9' title='bbox 1052 560 1159 617; x_wconf 91' lang='lat' dir='ltr'><strong>mentis</strong></span> <span class='ocrx_word' id='word_1_10' title='bbox 1175 565 1337 616; x_wconf 81' lang='lat' dir='ltr'><strong>summovet.</strong></span> 
     </span>
     <span class='ocr_line' id='line_1_3' title="bbox 268 653 403 738; baseline 0.007 -25"><span class='ocrx_word' id='word_1_11' title='bbox 268 653 403 738; x_wconf 85' lang='grc'><strong>[11,16.]</strong></span> 
     </span>
    </p>

    <p class='ocr_par' dir='ltr' id='par_1_3' title="bbox 266 751 1340 1025">
     <span class='ocr_line' id='line_1_4' title="bbox 328 751 1340 830; baseline -0.001 -21"><span class='ocrx_word' id='word_1_12' title='bbox 328 754 550 812; x_wconf 82' lang='lat' dir='ltr'><strong>A.-Horatius</strong></span> <span class='ocrx_word' id='word_1_13' title='bbox 573 762 634 813; x_wconf 85' lang='lat' dir='ltr'><strong>erat</strong></span> <span class='ocrx_word' id='word_1_14' title='bbox 655 756 725 813; x_wconf 85' lang='lat' dir='ltr'><strong>satis</strong></span> <span class='ocrx_word' id='word_1_15' title='bbox 746 755 857 825; x_wconf 84' lang='lat' dir='ltr'><strong>beatus,</strong></span> <span class='ocrx_word' id='word_1_16' title='bbox 872 756 954 812; x_wconf 90' lang='lat' dir='ltr'><strong>dives</strong></span> <span class='ocrx_word' id='word_1_17' title='bbox 971 761 1068 812; x_wconf 90' lang='lat' dir='ltr'><strong>autem</strong></span> <span class='ocrx_word' id='word_1_18' title='bbox 1086 761 1131 811; x_wconf 89' lang='lat' dir='ltr'><strong>est</strong></span> <span class='ocrx_word' id='word_1_19' title='bbox 1146 772 1248 830; x_wconf 88' lang='lat' dir='ltr'><strong>parum</strong></span> <span class='ocrx_word' id='word_1_20' title='bbox 1263 751 1340 809; x_wconf 88' lang='lat' dir='ltr'><strong>locu·</strong></span> 
     </span>
     <span class='ocr_line' id='line_1_5' title="bbox 266 848 1340 930; baseline -0.002 -24"><span class='ocrx_word' id='word_1_21' title='bbox 266 849 337 927; x_wconf 86' lang='lat' dir='ltr'><strong>ples.</strong></span> <span class='ocrx_word' id='word_1_22' title='bbox 380 851 491 910; x_wconf 84' lang='lat' dir='ltr'><strong>Vultne</strong></span> <span class='ocrx_word' id='word_1_23' title='bbox 506 860 594 930; x_wconf 86' lang='lat' dir='ltr'><strong>poeta</strong></span> <span class='ocrx_word' id='word_1_24' title='bbox 608 852 714 920; x_wconf 84' lang='lat' dir='ltr'><strong>dicere,</strong></span> <span class='ocrx_word' id='word_1_25' title='bbox 730 871 796 909; x_wconf 91' lang='lat' dir='ltr'><strong>cum</strong></span> <span class='ocrx_word' id='word_1_26' title='bbox 810 870 870 908; x_wconf 92' lang='grc'><strong>11111</strong></span> <span class='ocrx_word' id='word_1_27' title='bbox 887 870 949 909; x_wconf 88' lang='lat' dir='ltr'><strong>esse</strong></span> <span class='ocrx_word' id='word_1_28' title='bbox 963 858 1135 908; x_wconf 87' lang='lat' dir='ltr'><strong>contentum</strong></span> <span class='ocrx_word' id='word_1_29' title='bbox 1149 857 1231 907; x_wconf 88' lang='lat' dir='ltr'><strong>tanto</strong></span> <span class='ocrx_word' id='word_1_30' title='bbox 1245 848 1340 905; x_wconf 84' lang='lat' dir='ltr'><strong>litoris</strong></span> 
     </span>
     <span class='ocr_line' id='line_1_6' title="bbox 266 947 668 1025; baseline 0.005 -22"><span class='ocrx_word' id='word_1_31' title='bbox 266 953 408 1023; x_wconf 89' lang='lat' dir='ltr'><strong>quantum</strong></span> <span class='ocrx_word' id='word_1_32' title='bbox 422 948 484 1025; x_wconf 87' lang='lat' dir='ltr'><strong>jam</strong></span> <span class='ocrx_word' id='word_1_33' title='bbox 498 947 668 1025; x_wconf 82' lang='lat' dir='ltr'><strong>possideatl</strong></span> 
     </span>
    </p>

    <p class='ocr_par' dir='ltr' id='par_1_4' title="bbox 267 1043 1340 1219">
     <span class='ocr_line' id='line_1_7' title="bbox 327 1043 1340 1121; baseline -0.002 -20"><span class='ocrx_word' id='word_1_34' title='bbox 327 1043 512 1103; x_wconf 83' lang='lat' dir='ltr'><strong>B.-Credo.</strong></span> <span class='ocrx_word' id='word_1_35' title='bbox 556 1044 631 1103; x_wconf 85' lang='lat' dir='ltr'><strong>Sunt</strong></span> <span class='ocrx_word' id='word_1_36' title='bbox 652 1045 703 1121; x_wconf 91' lang='lat' dir='ltr'><strong>qui</strong></span> <span class='ocrx_word' id='word_1_37' title='bbox 721 1044 842 1103; x_wconf 89' lang='lat' dir='ltr'><strong>credant</strong></span> <span class='ocrx_word' id='word_1_38' title='bbox 861 1044 955 1121; x_wconf 81' lang='lat' dir='ltr'>ripam</span> <span class='ocrx_word' id='word_1_39' title='bbox 977 1044 1176 1101; x_wconf 89' lang='lat' dir='ltr'><strong>continentem</strong></span> <span class='ocrx_word' id='word_1_40' title='bbox 1192 1044 1340 1099; x_wconf 77' lang='grc'><strong>11111111-</strong></span> 
     </span>
     <span class='ocr_line' id='line_1_8' title="bbox 267 1140 750 1219; baseline 0.006 -22"><span class='ocrx_word' id='word_1_41' title='bbox 267 1142 393 1213; x_wconf 75' lang='grc'><strong>1111111,</strong></span> <span class='ocrx_word' id='word_1_42' title='bbox 409 1142 562 1216; x_wconf 66' lang='lat' dir='ltr'><strong>luteorum,</strong></span> <span class='ocrx_word' id='word_1_43' title='bbox 578 1140 750 1219; x_wconf 83' lang='lat' dir='ltr'><strong>significare.</strong></span> 
     </span>
    </p>

    <p class='ocr_par' dir='ltr' id='par_1_5' title="bbox 327 1236 1225 1313">
     <span class='ocr_line' id='line_1_9' title="bbox 327 1236 1225 1313; baseline -0.004 -18"><span class='ocrx_word' id='word_1_44' title='bbox 327 1237 516 1298; x_wconf 77' lang='lat' dir='ltr'><strong>A.—Nonne</strong></span> <span class='ocrx_word' id='word_1_45' title='bbox 533 1240 673 1297; x_wconf 76' lang='lat' dir='ltr'><strong>Horatius</strong></span> <span class='ocrx_word' id='word_1_46' title='bbox 687 1238 826 1297; x_wconf 88' lang='lat' dir='ltr'><strong>Baiarum</strong></span> <span class='ocrx_word' id='word_1_47' title='bbox 841 1238 1020 1296; x_wconf 79' lang='lat' dir='ltr'><strong>mentionem</strong></span> <span class='ocrx_word' id='word_1_48' title='bbox 1035 1255 1120 1313; x_wconf 88' lang='lat' dir='ltr'><strong>saepe</strong></span> <span class='ocrx_word' id='word_1_49' title='bbox 1133 1236 1225 1292; x_wconf 81' lang='grc'><strong>111111</strong></span> 
     </span>
    </p>

    <p class='ocr_par' dir='ltr' id='par_1_6' title="bbox 267 1332 1410 1897">
     <span class='ocr_line' id='line_1_10' title="bbox 328 1332 1339 1413; baseline -0.002 -23"><span class='ocrx_word' id='word_1_50' title='bbox 328 1332 511 1413; x_wconf 51' lang='lat' dir='ltr'><strong>Bmssaepe.</strong></span> <span class='ocrx_word' id='word_1_51' title='bbox 554 1334 658 1413; x_wconf 85' lang='lat' dir='ltr'><strong>Aquae</strong></span> <span class='ocrx_word' id='word_1_52' title='bbox 680 1334 818 1393; x_wconf 89' lang='lat' dir='ltr'><strong>Baiarum</strong></span> <span class='ocrx_word' id='word_1_53' title='bbox 840 1334 1044 1393; x_wconf 79' lang='lat' dir='ltr'><strong>celeberrimae</strong></span> <span class='ocrx_word' id='word_1_54' title='bbox 1066 1339 1155 1390; x_wconf 90' lang='lat' dir='ltr'><strong>crant.</strong></span> <span class='ocrx_word' id='word_1_55' title='bbox 1199 1332 1339 1389; x_wconf 79' lang='lat' dir='ltr'><strong>Horatius</strong></span> 
     </span>
     <span class='ocr_line' id='line_1_11' title="bbox 267 1428 1341 1510; baseline -0.003 -22"><span class='ocrx_word' id='word_1_56' title='bbox 267 1429 357 1488; x_wconf 88' lang='lat' dir='ltr'><strong>Baias</strong></span> <span class='ocrx_word' id='word_1_57' title='bbox 370 1450 516 1505; x_wconf 83' lang='lat' dir='ltr'><strong>amoenas,</strong></span> <span class='ocrx_word' id='word_1_58' title='bbox 532 1432 659 1509; x_wconf 88' lang='lat' dir='ltr'><strong>liquidas</strong></span> <span class='ocrx_word' id='word_1_59' title='bbox 673 1432 807 1510; x_wconf 84' lang='lat' dir='ltr'><strong>appellat</strong></span> <span class='ocrx_word' id='word_1_60' title='bbox 850 1431 936 1490; x_wconf 85' lang='lat' dir='ltr'><strong>Multi</strong></span> <span class='ocrx_word' id='word_1_61' title='bbox 949 1431 1075 1489; x_wconf 87' lang='lat' dir='ltr'><strong>Romani</strong></span> <span class='ocrx_word' id='word_1_62' title='bbox 1089 1428 1172 1487; x_wconf 88' lang='lat' dir='ltr'><strong>villas</strong></span> <span class='ocrx_word' id='word_1_63' title='bbox 1188 1430 1229 1486; x_wconf 90' lang='lat' dir='ltr'><strong>ibi</strong></span> <span class='ocrx_word' id='word_1_64' title='bbox 1243 1428 1341 1486; x_wconf 85' lang='lat' dir='ltr'><strong>aediti-</strong></span> 
     </span>
     <span class='ocr_line' id='line_1_12' title="bbox 267 1526 1341 1605; baseline -0.001 -21"><span class='ocrx_word' id='word_1_65' title='bbox 267 1536 414 1589; x_wconf 81' lang='lat' dir='ltr'><strong>caverunt</strong></span> <span class='ocrx_word' id='word_1_66' title='bbox 458 1528 595 1589; x_wconf 81' lang='lat' dir='ltr'><strong>Ciceroni</strong></span> <span class='ocrx_word' id='word_1_67' title='bbox 616 1537 679 1587; x_wconf 89' lang='lat' dir='ltr'><strong>erat</strong></span> <span class='ocrx_word' id='word_1_68' title='bbox 692 1528 767 1602; x_wconf 82' lang='lat' dir='ltr'><strong>villa,</strong></span> <span class='ocrx_word' id='word_1_69' title='bbox 783 1548 843 1587; x_wconf 91' lang='lat' dir='ltr'><strong>non</strong></span> <span class='ocrx_word' id='word_1_70' title='bbox 864 1528 945 1586; x_wconf 88' lang='lat' dir='ltr'><strong>Baiis</strong></span> <span class='ocrx_word' id='word_1_71' title='bbox 965 1528 1054 1605; x_wconf 82' lang='lat' dir='ltr'><strong>longe</strong></span> <span class='ocrx_word' id='word_1_72' title='bbox 1071 1535 1191 1597; x_wconf 86' lang='grc'><strong>11111111,</strong></span> <span class='ocrx_word' id='word_1_73' title='bbox 1206 1526 1341 1584; x_wconf 90' lang='lat' dir='ltr'><strong>Puteola·</strong></span> 
     </span>
     <span class='ocr_line' id='line_1_13' title="bbox 267 1622 1410 1703; baseline 0.001 -23"><span class='ocrx_word' id='word_1_74' title='bbox 267 1643 338 1681; x_wconf 89' lang='lat' dir='ltr'><strong>num</strong></span> <span class='ocrx_word' id='word_1_75' title='bbox 353 1624 507 1702; x_wconf 87' lang='lat' dir='ltr'><strong>appellata</strong></span> <span class='ocrx_word' id='word_1_76' title='bbox 540 1626 662 1684; x_wconf 82' lang='lat' dir='ltr'><strong>Clodius</strong></span> <span class='ocrx_word' id='word_1_77' title='bbox 677 1626 703 1684; x_wconf 87' lang='lat' dir='ltr'><strong>ei</strong></span> <span class='ocrx_word' id='word_1_78' title='bbox 718 1625 837 1703; x_wconf 84' lang='lat' dir='ltr'><strong>objecit,</strong></span> <span class='ocrx_word' id='word_1_79' title='bbox 850 1625 930 1703; x_wconf 89' lang='lat' dir='ltr'><strong>quod</strong></span> <span class='ocrx_word' id='word_1_80' title='bbox 940 1644 1040 1683; x_wconf 86' lang='lat' dir='ltr'><strong>mense</strong></span> <span class='ocrx_word' id='word_1_81' title='bbox 1050 1623 1146 1701; x_wconf 89' lang='lat' dir='ltr'><strong>Aprili</strong></span> <span class='ocrx_word' id='word_1_82' title='bbox 1159 1623 1237 1699; x_wconf 87' lang='lat' dir='ltr'><strong>apud</strong></span> <span class='ocrx_word' id='word_1_83' title='bbox 1251 1622 1339 1681; x_wconf 88' lang='lat' dir='ltr'><strong>Baias</strong></span> <span class='ocrx_word' id='word_1_84' title='bbox 1407 1624 1410 1628; x_wconf 73' lang='grc'>’</span> 
     </span>
     <span class='ocr_line' id='line_1_14' title="bbox 267 1720 1339 1799; baseline -0.002 -20"><span class='ocrx_word' id='word_1_85' title='bbox 267 1729 345 1779; x_wconf 90' lang='lat' dir='ltr'><strong>esset</strong></span> <span class='ocrx_word' id='word_1_86' title='bbox 358 1728 389 1780; x_wconf 88' lang='lat' dir='ltr'><strong>et</strong></span> <span class='ocrx_word' id='word_1_87' title='bbox 402 1724 487 1799; x_wconf 90' lang='lat' dir='ltr'><strong>aquis</strong></span> <span class='ocrx_word' id='word_1_88' title='bbox 502 1723 605 1781; x_wconf 84' lang='lat' dir='ltr'><strong>calidis</strong></span> <span class='ocrx_word' id='word_1_89' title='bbox 619 1728 756 1781; x_wconf 88' lang='lat' dir='ltr'><strong>uteretur.</strong></span> <span class='ocrx_word' id='word_1_90' title='bbox 799 1721 907 1781; x_wconf 87' lang='lat' dir='ltr'><strong>Undae</strong></span> <span class='ocrx_word' id='word_1_91' title='bbox 928 1722 1016 1779; x_wconf 87' lang='lat' dir='ltr'><strong>maris</strong></span> <span class='ocrx_word' id='word_1_92' title='bbox 1035 1720 1118 1788; x_wconf 85' lang='lat' dir='ltr'><strong>Baiis</strong></span> <span class='ocrx_word' id='word_1_93' title='bbox 1132 1720 1217 1777; x_wconf 91' lang='lat' dir='ltr'><strong>litora</strong></span> <span class='ocrx_word' id='word_1_94' title='bbox 1231 1721 1339 1778; x_wconf 88' lang='lat' dir='ltr'><strong>obstre-</strong></span> 
     </span>
     <span class='ocr_line' id='line_1_15' title="bbox 268 1819 963 1897; baseline -0.001 -20"><span class='ocrx_word' id='word_1_95' title='bbox 268 1825 351 1897; x_wconf 87' lang='lat' dir='ltr'><strong>punt,</strong></span> <span class='ocrx_word' id='word_1_96' title='bbox 368 1839 456 1897; x_wconf 88' lang='lat' dir='ltr'><strong>quem</strong></span> <span class='ocrx_word' id='word_1_97' title='bbox 467 1821 596 1878; x_wconf 91' lang='lat' dir='ltr'><strong>sonitum</strong></span> <span class='ocrx_word' id='word_1_98' title='bbox 611 1826 720 1877; x_wconf 81' lang='lat' dir='ltr'><strong>aestate</strong></span> <span class='ocrx_word' id='word_1_99' title='bbox 736 1819 805 1877; x_wconf 91' lang='lat' dir='ltr'><strong>laeti</strong></span> <span class='ocrx_word' id='word_1_100' title='bbox 819 1819 963 1876; x_wconf 85' lang='lat' dir='ltr'><strong>audimus.</strong></span> 
     </span>
    </p>

    <p class='ocr_par' dir='ltr' id='par_1_7' title="bbox 329 1904 1326 1991">
     <span class='ocr_line' id='line_1_16' title="bbox 329 1904 1326 1991; baseline -0.004 -16"><span class='ocrx_word' id='word_1_101' title='bbox 329 1915 517 1975; x_wconf 67' lang='lat' dir='ltr'><strong>A-Nonne</strong></span> <span class='ocrx_word' id='word_1_102' title='bbox 528 1918 621 1988; x_wconf 82' lang='lat' dir='ltr'><strong>dives,</strong></span> <span class='ocrx_word' id='word_1_103' title='bbox 636 1936 696 1973; x_wconf 93' lang='lat' dir='ltr'><strong>non</strong></span> <span class='ocrx_word' id='word_1_104' title='bbox 711 1917 770 1974; x_wconf 85' lang='lat' dir='ltr'><strong>suis</strong></span> <span class='ocrx_word' id='word_1_105' title='bbox 785 1916 870 1973; x_wconf 91' lang='lat' dir='ltr'><strong>rebus</strong></span> <span class='ocrx_word' id='word_1_106' title='bbox 884 1904 1048 1985; x_wconf 83' lang='lat' dir='ltr'><strong>contentus,</strong></span> <span class='ocrx_word' id='word_1_107' title='bbox 1064 1914 1173 1971; x_wconf 88' lang='lat' dir='ltr'><strong>alienas</strong></span> <span class='ocrx_word' id='word_1_108' title='bbox 1187 1913 1326 1991; x_wconf 81' lang='lat' dir='ltr'><strong>petebatl</strong></span> 
     </span>
    </p>

    <p class='ocr_par' dir='ltr' id='par_1_8' title="bbox 267 2010 1340 2383">
     <span class='ocr_line' id='line_1_17' title="bbox 329 2010 1339 2091; baseline -0.003 -21"><span class='ocrx_word' id='word_1_109' title='bbox 329 2012 582 2073; x_wconf 86' lang='lat' dir='ltr'><strong>B.-·Rerellebat</strong></span> <span class='ocrx_word' id='word_1_110' title='bbox 596 2015 685 2073; x_wconf 88' lang='lat' dir='ltr'><strong>etiam</strong></span> <span class='ocrx_word' id='word_1_111' title='bbox 700 2013 842 2071; x_wconf 89' lang='lat' dir='ltr'><strong>terminos</strong></span> <span class='ocrx_word' id='word_1_112' title='bbox 855 2014 918 2089; x_wconf 83' lang='lat' dir='ltr'><strong>agri</strong></span> <span class='ocrx_word' id='word_1_113' title='bbox 932 2014 1089 2091; x_wconf 83' lang='lat' dir='ltr'><strong>proximos.</strong></span> <span class='ocrx_word' id='word_1_114' title='bbox 1132 2011 1257 2069; x_wconf 90' lang='lat' dir='ltr'><strong>Romani</strong></span> <span class='ocrx_word' id='word_1_115' title='bbox 1271 2010 1339 2068; x_wconf 90' lang='lat' dir='ltr'><strong>Ter·</strong></span> 
     </span>
     <span class='ocr_line' id='line_1_18' title="bbox 268 2108 1340 2187; baseline -0.002 -20"><span class='ocrx_word' id='word_1_116' title='bbox 268 2111 383 2168; x_wconf 91' lang='lat' dir='ltr'><strong>minum</strong></span> <span class='ocrx_word' id='word_1_117' title='bbox 397 2110 485 2169; x_wconf 88' lang='lat' dir='ltr'><strong>deum</strong></span> <span class='ocrx_word' id='word_1_118' title='bbox 499 2109 673 2182; x_wconf 88' lang='lat' dir='ltr'><strong>habuerunt,</strong></span> <span class='ocrx_word' id='word_1_119' title='bbox 689 2118 719 2167; x_wconf 91' lang='lat' dir='ltr'><strong>et</strong></span> <span class='ocrx_word' id='word_1_120' title='bbox 739 2108 854 2187; x_wconf 84' lang='lat' dir='ltr'><strong>legibus</strong></span> <span class='ocrx_word' id='word_1_121' title='bbox 875 2109 1003 2187; x_wconf 86' lang='lat' dir='ltr'><strong>antiquis</strong></span> <span class='ocrx_word' id='word_1_122' title='bbox 1028 2117 1116 2187; x_wconf 90' lang='lat' dir='ltr'><strong>caput</strong></span> <span class='ocrx_word' id='word_1_123' title='bbox 1137 2108 1271 2179; x_wconf 87' lang='lat' dir='ltr'><strong>hominis,</strong></span> <span class='ocrx_word' id='word_1_124' title='bbox 1288 2108 1340 2185; x_wconf 91' lang='lat' dir='ltr'><strong>qui</strong></span> 
     </span>
     <span class='ocr_line' id='line_1_19' title="bbox 267 2206 1340 2285; baseline -0.004 -20"><span class='ocrx_word' id='word_1_125' title='bbox 267 2208 411 2265; x_wconf 90' lang='lat' dir='ltr'><strong>terminos</strong></span> <span class='ocrx_word' id='word_1_126' title='bbox 435 2207 561 2285; x_wconf 86' lang='lat' dir='ltr'><strong>proximi</strong></span> <span class='ocrx_word' id='word_1_127' title='bbox 591 2208 697 2279; x_wconf 86' lang='grc'><strong>1111111,</strong></span> <span class='ocrx_word' id='word_1_128' title='bbox 718 2206 787 2265; x_wconf 79' lang='lat' dir='ltr'><strong>lovi</strong></span> <span class='ocrx_word' id='word_1_129' title='bbox 809 2226 921 2265; x_wconf 89' lang='lat' dir='ltr'><strong>sacrum</strong></span> <span class='ocrx_word' id='word_1_130' title='bbox 943 2214 1013 2265; x_wconf 87' lang='lat' dir='ltr'><strong>erat.</strong></span> <span class='ocrx_word' id='word_1_131' title='bbox 1057 2206 1254 2265; x_wconf 87' lang='lat' dir='ltr'><strong>Meministine</strong></span> <span class='ocrx_word' id='word_1_132' title='bbox 1275 2224 1340 2262; x_wconf 87' lang='lat' dir='ltr'><strong>ean·</strong></span> 
     </span>
     <span class='ocr_line' id='line_1_20' title="bbox 270 2301 1022 2383; baseline 0 -23"><span class='ocrx_word' id='word_1_133' title='bbox 270 2303 338 2361; x_wconf 89' lang='lat' dir='ltr'><strong>dem</strong></span> <span class='ocrx_word' id='word_1_134' title='bbox 352 2303 447 2383; x_wconf 87' lang='lat' dir='ltr'><strong>legem</strong></span> <span class='ocrx_word' id='word_1_135' title='bbox 462 2303 609 2363; x_wconf 88' lang='lat' dir='ltr'><strong>Hebraeis</strong></span> <span class='ocrx_word' id='word_1_136' title='bbox 623 2305 735 2363; x_wconf 72' lang='lat' dir='ltr'><strong>fuisset</strong></span> <span class='ocrx_word' id='word_1_137' title='bbox 778 2301 941 2382; x_wconf 79' lang='grc'><strong>[1)111127,</strong></span> <span class='ocrx_word' id='word_1_138' title='bbox 959 2303 1022 2383; x_wconf 70' lang='grc'><strong>11]</strong></span> 
     </span>
    </p>

    <p class='ocr_par' dir='ltr' id='par_1_9' title="bbox 331 2399 1338 2460">
     <span class='ocr_line' id='line_1_21' title="bbox 331 2399 1338 2460; baseline 0 -3"><span class='ocrx_word' id='word_1_139' title='bbox 331 2401 535 2460; x_wconf 85' lang='lat' dir='ltr'><strong>A.-Memini</strong></span> <span class='ocrx_word' id='word_1_140' title='bbox 550 2421 627 2460; x_wconf 88' lang='lat' dir='ltr'><strong>sane.</strong></span> <span class='ocrx_word' id='word_1_141' title='bbox 656 2401 717 2459; x_wconf 93' lang='lat' dir='ltr'><strong>Hic</strong></span> <span class='ocrx_word' id='word_1_142' title='bbox 727 2420 830 2458; x_wconf 82' lang='lat' dir='ltr'><strong>avarus</strong></span> <span class='ocrx_word' id='word_1_143' title='bbox 842 2400 918 2458; x_wconf 87' lang='lat' dir='ltr'><strong>ultra</strong></span> <span class='ocrx_word' id='word_1_144' title='bbox 928 2400 1037 2458; x_wconf 91' lang='lat' dir='ltr'><strong>limites</strong></span> <span class='ocrx_word' id='word_1_145' title='bbox 1048 2400 1198 2458; x_wconf 90' lang='lat' dir='ltr'><strong>clientium</strong></span> <span class='ocrx_word' id='word_1_146' title='bbox 1209 2399 1338 2457; x_wconf 72' lang='lat' dir='ltr'><strong>saliebat,</strong></span> 
     </span>
    </p>

    <p class='ocr_par' dir='ltr' id='par_1_10' title="bbox 267 2495 1341 3255">
     <span class='ocr_line' id='line_1_22' title="bbox 330 2495 1340 2576; baseline -0.002 -21"><span class='ocrx_word' id='word_1_147' title='bbox 330 2496 517 2569; x_wconf 89' lang='lat' dir='ltr'><strong>B.—Limes‚</strong></span> <span class='ocrx_word' id='word_1_148' title='bbox 538 2505 572 2556; x_wconf 90' lang='grc'><strong>111</strong></span> <span class='ocrx_word' id='word_1_149' title='bbox 592 2498 657 2571; x_wconf 90' lang='lat' dir='ltr'><strong>scis,</strong></span> <span class='ocrx_word' id='word_1_150' title='bbox 680 2499 784 2555; x_wconf 87' lang='lat' dir='ltr'><strong>semita</strong></span> <span class='ocrx_word' id='word_1_151' title='bbox 802 2503 927 2576; x_wconf 80' lang='lat' dir='ltr'><strong>&#39;angusta</strong></span> <span class='ocrx_word' id='word_1_152' title='bbox 950 2500 1028 2557; x_wconf 89' lang='lat' dir='ltr'><strong>inter</strong></span> <span class='ocrx_word' id='word_1_153' title='bbox 1050 2517 1135 2575; x_wconf 83' lang='lat' dir='ltr'><strong>agros</strong></span> <span class='ocrx_word' id='word_1_154' title='bbox 1159 2503 1226 2554; x_wconf 83' lang='lat' dir='ltr'><strong>crat.</strong></span> <span class='ocrx_word' id='word_1_155' title='bbox 1269 2495 1340 2553; x_wconf 89' lang='lat' dir='ltr'><strong>Erat</strong></span> 
     </span>
     <span class='ocr_line' id='line_1_23' title="bbox 268 2593 1337 2673; baseline -0.002 -22"><span class='ocrx_word' id='word_1_156' title='bbox 268 2594 386 2671; x_wconf 90' lang='lat' dir='ltr'><strong>patroni</strong></span> <span class='ocrx_word' id='word_1_157' title='bbox 401 2594 523 2653; x_wconf 88' lang='lat' dir='ltr'><strong>clientes</strong></span> <span class='ocrx_word' id='word_1_158' title='bbox 548 2602 711 2673; x_wconf 86' lang='lat' dir='ltr'><strong>protegere.</strong></span> <span class='ocrx_word' id='word_1_159' title='bbox 747 2594 896 2673; x_wconf 87' lang='lat' dir='ltr'><strong>Antiquae</strong></span> <span class='ocrx_word' id='word_1_160' title='bbox 910 2594 990 2673; x_wconf 86' lang='lat' dir='ltr'><strong>leges</strong></span> <span class='ocrx_word' id='word_1_161' title='bbox 1003 2595 1169 2672; x_wconf 82' lang='lat' dir='ltr'><strong>jusserunt:</strong></span> <span class='ocrx_word' id='word_1_162' title='bbox 1192 2593 1337 2650; x_wconf 87' lang='lat' dir='ltr'><strong>Patronus</strong></span> 
     </span>
     <span class='ocr_line' id='line_1_24' title="bbox 267 2689 1339 2768; baseline 0 -21"><span class='ocrx_word' id='word_1_163' title='bbox 267 2690 295 2747; x_wconf 87' lang='lat' dir='ltr'><strong>si</strong></span> <span class='ocrx_word' id='word_1_164' title='bbox 319 2689 419 2749; x_wconf 92' lang='lat' dir='ltr'><strong>clienti</strong></span> <span class='ocrx_word' id='word_1_165' title='bbox 443 2690 575 2749; x_wconf 83' lang='lat' dir='ltr'><strong>fraudem</strong></span> <span class='ocrx_word' id='word_1_166' title='bbox 599 2691 712 2764; x_wconf 83' lang='lat' dir='ltr'><strong>fecerit,</strong></span> <span class='ocrx_word' id='word_1_167' title='bbox 737 2711 818 2750; x_wconf 89' lang='lat' dir='ltr'><strong>sacer</strong></span> <span class='ocrx_word' id='word_1_168' title='bbox 841 2698 913 2750; x_wconf 87' lang='lat' dir='ltr'><strong>esto.</strong></span> <span class='ocrx_word' id='word_1_169' title='bbox 956 2691 1114 2750; x_wconf 89' lang='lat' dir='ltr'><strong>Violentus</strong></span> <span class='ocrx_word' id='word_1_170' title='bbox 1139 2690 1265 2768; x_wconf 83' lang='lat' dir='ltr'><strong>quidem,</strong></span> <span class='ocrx_word' id='word_1_171' title='bbox 1292 2690 1339 2747; x_wconf 90' lang='lat' dir='ltr'><strong>cui</strong></span> 
     </span>
     <span class='ocr_line' id='line_1_25' title="bbox 267 2786 1338 2865; baseline 0.002 -22"><span class='ocrx_word' id='word_1_172' title='bbox 267 2806 364 2864; x_wconf 89' lang='lat' dir='ltr'><strong>neque</strong></span> <span class='ocrx_word' id='word_1_173' title='bbox 377 2788 496 2845; x_wconf 89' lang='lat' dir='ltr'><strong>termini</strong></span> <span class='ocrx_word' id='word_1_174' title='bbox 514 2807 610 2865; x_wconf 87' lang='lat' dir='ltr'><strong>neque</strong></span> <span class='ocrx_word' id='word_1_175' title='bbox 630 2788 696 2865; x_wconf 85' lang='lat' dir='ltr'><strong>jura</strong></span> <span class='ocrx_word' id='word_1_176' title='bbox 716 2788 867 2847; x_wconf 89' lang='lat' dir='ltr'><strong>clientium</strong></span> <span class='ocrx_word' id='word_1_177' title='bbox 890 2807 975 2846; x_wconf 90' lang='lat' dir='ltr'><strong>curae</strong></span> <span class='ocrx_word' id='word_1_178' title='bbox 999 2796 1089 2846; x_wconf 83' lang='lat' dir='ltr'><strong>erant</strong></span> <span class='ocrx_word' id='word_1_179' title='bbox 1132 2787 1204 2855; x_wconf 85' lang='lat' dir='ltr'><strong>Quis</strong></span> <span class='ocrx_word' id='word_1_180' title='bbox 1218 2787 1269 2845; x_wconf 91' lang='lat' dir='ltr'><strong>tali</strong></span> <span class='ocrx_word' id='word_1_181' title='bbox 1283 2786 1338 2845; x_wconf 92' lang='lat' dir='ltr'><strong>hac</strong></span> 
     </span>
     <span class='ocr_line' id='line_1_26' title="bbox 270 2883 1090 2964; baseline 0.001 -23"><span class='ocrx_word' id='word_1_182' title='bbox 270 2883 415 2941; x_wconf 86' lang='lat' dir='ltr'><strong>columnis</strong></span> <span class='ocrx_word' id='word_1_183' title='bbox 429 2892 459 2942; x_wconf 90' lang='lat' dir='ltr'><strong>et</strong></span> <span class='ocrx_word' id='word_1_184' title='bbox 472 2892 552 2943; x_wconf 85' lang='lat' dir='ltr'><strong>tecto</strong></span> <span class='ocrx_word' id='word_1_185' title='bbox 567 2886 702 2964; x_wconf 89' lang='lat' dir='ltr'><strong>laqueato</strong></span> <span class='ocrx_word' id='word_1_186' title='bbox 718 2893 821 2944; x_wconf 90' lang='lat' dir='ltr'><strong>ornata</strong></span> <span class='ocrx_word' id='word_1_187' title='bbox 834 2886 923 2943; x_wconf 91' lang='lat' dir='ltr'><strong>domo</strong></span> <span class='ocrx_word' id='word_1_188' title='bbox 938 2885 1090 2943; x_wconf 71' lang='lat' dir='ltr'><strong>invideat?</strong></span> 
     </span>
     <span class='ocr_line' id='line_1_27' title="bbox 276 2979 1340 3063; baseline 0.001 -25"><span class='ocrx_word' id='word_1_189' title='bbox 276 3045 283 3063; x_wconf 33' lang='lat'>⁸</span> <span class='ocrx_word' id='word_1_190' title='bbox 331 2979 522 3060; x_wconf 85' lang='lat' dir='ltr'><strong>A.-Pejora</strong></span> <span class='ocrx_word' id='word_1_191' title='bbox 534 2983 566 3040; x_wconf 92' lang='lat' dir='ltr'><strong>in</strong></span> <span class='ocrx_word' id='word_1_192' title='bbox 580 3003 611 3041; x_wconf 90' lang='lat' dir='ltr'><strong>se</strong></span> <span class='ocrx_word' id='word_1_193' title='bbox 625 2983 808 3042; x_wconf 88' lang='lat' dir='ltr'><strong>admittebat.</strong></span> <span class='ocrx_word' id='word_1_194' title='bbox 851 2982 966 3060; x_wconf 90' lang='lat' dir='ltr'><strong>Pauper</strong></span> <span class='ocrx_word' id='word_1_195' title='bbox 979 2983 1077 3041; x_wconf 85' lang='lat' dir='ltr'><strong>ferens</strong></span> <span class='ocrx_word' id='word_1_196' title='bbox 1092 2982 1216 3039; x_wconf 87' lang='lat' dir='ltr'><strong>Penates</strong></span> <span class='ocrx_word' id='word_1_197' title='bbox 1230 2982 1340 3059; x_wconf 91' lang='lat' dir='ltr'><strong>patrios</strong></span> 
     </span>
     <span class='ocr_line' id='line_1_28' title="bbox 270 3078 1341 3159; baseline 0.002 -24"><span class='ocrx_word' id='word_1_198' title='bbox 270 3078 439 3137; x_wconf 83' lang='lat' dir='ltr'><strong>insinuet</strong></span> <span class='ocrx_word' id='word_1_199' title='bbox 460 3086 546 3137; x_wconf 90' lang='lat' dir='ltr'><strong>natos</strong></span> <span class='ocrx_word' id='word_1_200' title='bbox 568 3080 704 3138; x_wconf 90' lang='lat' dir='ltr'><strong>sordidos</strong></span> <span class='ocrx_word' id='word_1_201' title='bbox 726 3101 761 3139; x_wconf 85' lang='lat' dir='ltr'><strong>ex</strong></span> <span class='ocrx_word' id='word_1_202' title='bbox 782 3082 861 3159; x_wconf 86' lang='lat' dir='ltr'><strong>agris</strong></span> <span class='ocrx_word' id='word_1_203' title='bbox 884 3079 1053 3158; x_wconf 83' lang='lat' dir='ltr'><strong>pellebatur,</strong></span> <span class='ocrx_word' id='word_1_204' title='bbox 1068 3088 1205 3156; x_wconf 87' lang='lat' dir='ltr'><strong>tanquam</strong></span> <span class='ocrx_word' id='word_1_205' title='bbox 1225 3080 1341 3137; x_wconf 88' lang='lat' dir='ltr'><strong>Aeneas</strong></span> 
     </span>
     <span class='ocr_line' id='line_1_29' title="bbox 270 3175 1209 3255; baseline 0.002 -24"><span class='ocrx_word' id='word_1_206' title='bbox 270 3194 359 3234; x_wconf 89' lang='lat' dir='ltr'><strong>manu</strong></span> <span class='ocrx_word' id='word_1_207' title='bbox 373 3175 445 3234; x_wconf 90' lang='lat' dir='ltr'><strong>deos</strong></span> <span class='ocrx_word' id='word_1_208' title='bbox 460 3185 598 3255; x_wconf 91' lang='lat' dir='ltr'><strong>paternos</strong></span> <span class='ocrx_word' id='word_1_209' title='bbox 612 3185 643 3235; x_wconf 90' lang='lat' dir='ltr'><strong>et</strong></span> <span class='ocrx_word' id='word_1_210' title='bbox 657 3178 750 3235; x_wconf 90' lang='lat' dir='ltr'><strong>filium</strong></span> <span class='ocrx_word' id='word_1_211' title='bbox 764 3198 863 3236; x_wconf 92' lang='lat' dir='ltr'><strong>secum</strong></span> <span class='ocrx_word' id='word_1_212' title='bbox 877 3178 968 3255; x_wconf 85' lang='lat' dir='ltr'><strong>Troja</strong></span> <span class='ocrx_word' id='word_1_213' title='bbox 980 3178 1100 3236; x_wconf 90' lang='lat' dir='ltr'><strong>incensa</strong></span> <span class='ocrx_word' id='word_1_214' title='bbox 1113 3177 1209 3234; x_wconf 82' lang='lat' dir='ltr'><strong>traxit.</strong></span> 
     </span>
    </p>

    <p class='ocr_par' dir='ltr' id='par_1_11' title="bbox 259 3270 1341 3454">
     <span class='ocr_line' id='line_1_30' title="bbox 331 3270 1341 3353; baseline 0.002 -25"><span class='ocrx_word' id='word_1_215' title='bbox 331 3270 548 3332; x_wconf 89' lang='lat' dir='ltr'><strong>B.-Nemesis</strong></span> <span class='ocrx_word' id='word_1_216' title='bbox 562 3281 660 3333; x_wconf 89' lang='lat' dir='ltr'><strong>autem</strong></span> <span class='ocrx_word' id='word_1_217' title='bbox 675 3294 734 3332; x_wconf 92' lang='lat' dir='ltr'><strong>non</strong></span> <span class='ocrx_word' id='word_1_218' title='bbox 756 3274 843 3353; x_wconf 83' lang='lat' dir='ltr'><strong>longe</strong></span> <span class='ocrx_word' id='word_1_219' title='bbox 858 3274 959 3332; x_wconf 90' lang='lat' dir='ltr'><strong>aberit.</strong></span> <span class='ocrx_word' id='word_1_220' title='bbox 996 3274 1074 3342; x_wconf 77' lang='lat' dir='ltr'><strong>Quid</strong></span> <span class='ocrx_word' id='word_1_221' title='bbox 1088 3275 1240 3331; x_wconf 91' lang='lat' dir='ltr'><strong>minitatur</strong></span> <span class='ocrx_word' id='word_1_222' title='bbox 1253 3281 1341 3351; x_wconf 87' lang='lat' dir='ltr'><strong>poeta</strong></span> 
     </span>
     <span class='ocr_line' id='line_1_31' title="bbox 259 3370 380 3454; baseline 0.017 -29"><span class='ocrx_word' id='word_1_223' title='bbox 259 3370 380 3454; x_wconf 70' lang='lat' dir='ltr'><strong>avaro?</strong></span> 
     </span>
    </p>

    <p class='ocr_par' dir='ltr' id='par_1_12' title="bbox 270 3464 1341 3639">
     <span class='ocr_line' id='line_1_32' title="bbox 322 3464 1341 3547; baseline 0.004 -26"><span class='ocrx_word' id='word_1_224' title='bbox 322 3464 543 3527; x_wconf 82' lang='lat' dir='ltr'><strong>.A.-Divitem</strong></span> <span class='ocrx_word' id='word_1_225' title='bbox 567 3468 679 3541; x_wconf 84' lang='lat' dir='ltr'><strong>herum,</strong></span> <span class='ocrx_word' id='word_1_226' title='bbox 705 3489 783 3527; x_wconf 92' lang='lat' dir='ltr'><strong>nunc</strong></span> <span class='ocrx_word' id='word_1_227' title='bbox 807 3469 963 3547; x_wconf 89' lang='lat' dir='ltr'><strong>splendida</strong></span> <span class='ocrx_word' id='word_1_228' title='bbox 990 3468 1057 3526; x_wconf 90' lang='lat' dir='ltr'><strong>aula</strong></span> <span class='ocrx_word' id='word_1_229' title='bbox 1080 3467 1195 3539; x_wconf 82' lang='lat' dir='ltr'><strong>laetum,</strong></span> <span class='ocrx_word' id='word_1_230' title='bbox 1221 3467 1287 3525; x_wconf 89' lang='lat' dir='ltr'><strong>aula</strong></span> <span class='ocrx_word' id='word_1_231' title='bbox 1310 3468 1341 3525; x_wconf 91' lang='lat' dir='ltr'><strong>in</strong></span> 
     </span>
     <span class='ocr_line' id='line_1_33' title="bbox 270 3561 901 3639; baseline 0.01 -21"><span class='ocrx_word' id='word_1_232' title='bbox 270 3580 362 3639; x_wconf 84' lang='lat' dir='ltr'><strong>regno</strong></span> <span class='ocrx_word' id='word_1_233' title='bbox 377 3561 447 3621; x_wconf 91' lang='lat' dir='ltr'><strong>Orci</strong></span> <span class='ocrx_word' id='word_1_234' title='bbox 461 3563 610 3623; x_wconf 90' lang='lat' dir='ltr'><strong>destinata</strong></span> <span class='ocrx_word' id='word_1_235' title='bbox 623 3572 729 3627; x_wconf 81' lang='lat' dir='ltr'><strong>manet</strong></span> <span class='ocrx_word' id='word_1_236' title='bbox 774 3566 901 3624; x_wconf 67' lang='lat' dir='ltr'><strong>Nonne?</strong></span> 
     </span>
    </p>

    <p class='ocr_par' dir='ltr' id='par_1_13' title="bbox 266 3658 1342 4225">
     <span class='ocr_line' id='line_1_34' title="bbox 332 3658 1341 3743; baseline 0.004 -27"><span class='ocrx_word' id='word_1_237' title='bbox 332 3658 459 3717; x_wconf 88' lang='lat' dir='ltr'><strong>B.—Ita</strong></span> <span class='ocrx_word' id='word_1_238' title='bbox 473 3661 570 3719; x_wconf 91' lang='lat' dir='ltr'><strong>credo.</strong></span> <span class='ocrx_word' id='word_1_239' title='bbox 613 3662 689 3721; x_wconf 86' lang='lat' dir='ltr'><strong>Sunt</strong></span> <span class='ocrx_word' id='word_1_240' title='bbox 712 3662 762 3743; x_wconf 89' lang='lat' dir='ltr'><strong>qui</strong></span> <span class='ocrx_word' id='word_1_241' title='bbox 782 3670 887 3741; x_wconf 89' lang='lat' dir='ltr'><strong>putent</strong></span> <span class='ocrx_word' id='word_1_242' title='bbox 908 3670 1027 3742; x_wconf 88' lang='lat' dir='ltr'><strong>poetam</strong></span> <span class='ocrx_word' id='word_1_243' title='bbox 1048 3662 1144 3720; x_wconf 91' lang='lat' dir='ltr'><strong>dicere</strong></span> <span class='ocrx_word' id='word_1_244' title='bbox 1160 3662 1267 3719; x_wconf 91' lang='lat' dir='ltr'><strong>nullam</strong></span> <span class='ocrx_word' id='word_1_245' title='bbox 1282 3682 1341 3720; x_wconf 89' lang='lat' dir='ltr'><strong>cer·</strong></span> 
     </span>
     <span class='ocr_line' id='line_1_35' title="bbox 271 3754 1339 3839; baseline 0.006 -28"><span class='ocrx_word' id='word_1_246' title='bbox 271 3754 377 3813; x_wconf 89' lang='lat' dir='ltr'><strong>tiorem</strong></span> <span class='ocrx_word' id='word_1_247' title='bbox 402 3756 498 3814; x_wconf 86' lang='lat' dir='ltr'><strong>aulam</strong></span> <span class='ocrx_word' id='word_1_248' title='bbox 523 3758 644 3818; x_wconf 87' lang='lat' dir='ltr'><strong>divitem</strong></span> <span class='ocrx_word' id='word_1_249' title='bbox 670 3758 772 3818; x_wconf 88' lang='lat' dir='ltr'><strong>herum</strong></span> <span class='ocrx_word' id='word_1_250' title='bbox 798 3780 914 3819; x_wconf 89' lang='lat' dir='ltr'><strong>manere</strong></span> <span class='ocrx_word' id='word_1_251' title='bbox 940 3780 1027 3839; x_wconf 93' lang='lat' dir='ltr'><strong>quam</strong></span> <span class='ocrx_word' id='word_1_252' title='bbox 1052 3758 1140 3817; x_wconf 91' lang='lat' dir='ltr'><strong>finem</strong></span> <span class='ocrx_word' id='word_1_253' title='bbox 1166 3759 1339 3817; x_wconf 80' lang='lat' dir='ltr'><strong>destinatam</strong></span> 
     </span>
     <span class='ocr_line' id='line_1_36' title="bbox 270 3852 1341 3933; baseline 0.006 -24"><span class='ocrx_word' id='word_1_254' title='bbox 270 3854 385 3931; x_wconf 84' lang='lat' dir='ltr'><strong>rapacis</strong></span> <span class='ocrx_word' id='word_1_255' title='bbox 400 3852 477 3913; x_wconf 94' lang='lat' dir='ltr'><strong>Orci.</strong></span> <span class='ocrx_word' id='word_1_256' title='bbox 520 3856 663 3914; x_wconf 88' lang='lat' dir='ltr'><strong>Horatius</strong></span> <span class='ocrx_word' id='word_1_257' title='bbox 687 3864 784 3916; x_wconf 87' lang='lat' dir='ltr'><strong>autern</strong></span> <span class='ocrx_word' id='word_1_258' title='bbox 810 3857 911 3932; x_wconf 76' lang='grc'><strong>111911</strong></span> <span class='ocrx_word' id='word_1_259' title='bbox 930 3859 1002 3933; x_wconf 82' lang='lat' dir='ltr'><strong>fiae,</strong></span> <span class='ocrx_word' id='word_1_260' title='bbox 1027 3876 1157 3931; x_wconf 80' lang='lat' dir='ltr'><strong>supremo</strong></span> <span class='ocrx_word' id='word_1_261' title='bbox 1172 3858 1243 3932; x_wconf 78' lang='lat' dir='ltr'><strong>fine,</strong></span> <span class='ocrx_word' id='word_1_262' title='bbox 1258 3877 1341 3932; x_wconf 79' lang='lat' dir='ltr'><strong>quem</strong></span> 
     </span>
     <span class='ocr_line' id='line_1_37' title="bbox 274 3949 1340 4031; baseline 0.003 -24"><span class='ocrx_word' id='word_1_263' title='bbox 274 3951 376 4024; x_wconf 78' lang='lat' dir='ltr'><strong>finam,</strong></span> <span class='ocrx_word' id='word_1_264' title='bbox 386 3950 471 4026; x_wconf 80' lang='lat' dir='ltr'><strong>fines,</strong></span> <span class='ocrx_word' id='word_1_265' title='bbox 486 3971 557 4027; x_wconf 80' lang='lat' dir='ltr'><strong>quoa</strong></span> <span class='ocrx_word' id='word_1_266' title='bbox 571 3953 651 4010; x_wconf 79' lang='lat' dir='ltr'><strong>altro</strong></span> <span class='ocrx_word' id='word_1_267' title='bbox 667 3953 748 4026; x_wconf 87' lang='lat' dir='ltr'><strong>dicit,</strong></span> <span class='ocrx_word' id='word_1_268' title='bbox 772 3954 861 4012; x_wconf 90' lang='lat' dir='ltr'><strong>semel</strong></span> <span class='ocrx_word' id='word_1_269' title='bbox 883 3954 973 4012; x_wconf 93' lang='lat' dir='ltr'><strong>modo</strong></span> <span class='ocrx_word' id='word_1_270' title='bbox 994 3974 1067 4029; x_wconf 80' lang='lat' dir='ltr'><strong>quoe</strong></span> <span class='ocrx_word' id='word_1_271' title='bbox 1083 3954 1165 4028; x_wconf 79' lang='lat' dir='ltr'><strong>finis.</strong></span> <span class='ocrx_word' id='word_1_272' title='bbox 1209 3949 1340 4031; x_wconf 83' lang='lat' dir='ltr'><strong>[Ep.17‚</strong></span> 
     </span>
     <span class='ocr_line' id='line_1_38' title="bbox 266 4044 1341 4129; baseline 0.004 -26"><span class='ocrx_word' id='word_1_273' title='bbox 266 4044 334 4127; x_wconf 78' lang='lat' dir='ltr'><strong>aa]</strong></span> <span class='ocrx_word' id='word_1_274' title='bbox 376 4046 473 4107; x_wconf 79' lang='lat' dir='ltr'><strong>Credo</strong></span> <span class='ocrx_word' id='word_1_275' title='bbox 488 4048 525 4123; x_wconf 90' lang='grc'><strong>11,</strong></span> <span class='ocrx_word' id='word_1_276' title='bbox 541 4050 591 4128; x_wconf 92' lang='lat' dir='ltr'><strong>qui</strong></span> <span class='ocrx_word' id='word_1_277' title='bbox 613 4050 733 4107; x_wconf 90' lang='lat' dir='ltr'><strong>domum</strong></span> <span class='ocrx_word' id='word_1_278' title='bbox 755 4050 939 4129; x_wconf 86' lang='lat' dir='ltr'><strong>splendidam</strong></span> <span class='ocrx_word' id='word_1_279' title='bbox 960 4050 1103 4122; x_wconf 87' lang='lat' dir='ltr'><strong>aedificet,</strong></span> <span class='ocrx_word' id='word_1_280' title='bbox 1119 4049 1206 4107; x_wconf 87' lang='lat' dir='ltr'><strong>aliam</strong></span> <span class='ocrx_word' id='word_1_281' title='bbox 1220 4050 1341 4107; x_wconf 90' lang='lat' dir='ltr'><strong>domum</strong></span> 
     </span>
     <span class='ocr_line' id='line_1_39' title="bbox 273 4142 1342 4225; baseline 0.004 -26"><span class='ocrx_word' id='word_1_282' title='bbox 273 4144 302 4200; x_wconf 92' lang='lat' dir='ltr'><strong>in</strong></span> <span class='ocrx_word' id='word_1_283' title='bbox 317 4142 425 4203; x_wconf 90' lang='lat' dir='ltr'><strong>finibus</strong></span> <span class='ocrx_word' id='word_1_284' title='bbox 440 4145 509 4205; x_wconf 94' lang='lat' dir='ltr'><strong>Orci</strong></span> <span class='ocrx_word' id='word_1_285' title='bbox 524 4166 587 4206; x_wconf 86' lang='lat' dir='ltr'><strong>esse</strong></span> <span class='ocrx_word' id='word_1_286' title='bbox 602 4147 787 4207; x_wconf 88' lang='lat' dir='ltr'><strong>destinatam.</strong></span> <span class='ocrx_word' id='word_1_287' title='bbox 821 4147 926 4220; x_wconf 87' lang='lat' dir='ltr'><strong>Nemo,</strong></span> <span class='ocrx_word' id='word_1_288' title='bbox 941 4148 1039 4220; x_wconf 90' lang='lat' dir='ltr'><strong>credo,</strong></span> <span class='ocrx_word' id='word_1_289' title='bbox 1055 4146 1131 4204; x_wconf 89' lang='lat' dir='ltr'><strong>ultra</strong></span> <span class='ocrx_word' id='word_1_290' title='bbox 1143 4145 1251 4204; x_wconf 87' lang='lat' dir='ltr'><strong>limites</strong></span> <span class='ocrx_word' id='word_1_291' title='bbox 1265 4146 1342 4225; x_wconf 82' lang='lat' dir='ltr'><strong>regis</strong></span> 
     </span>
    </p>
   </div>
   <div class='ocr_carea' id='block_1_3' title="bbox 272 4239 433 4305">
    <p class='ocr_par' dir='ltr' id='par_1_14' title="bbox 272 4239 433 4305">
     <span class='ocr_line' id='line_1_40' title="bbox 272 4239 433 4305; baseline 0.031 -6"><span class='ocrx_word' id='word_1_292' title='bbox 272 4239 344 4300; x_wconf 90' lang='lat' dir='ltr'><strong>Orci</strong></span> <span class='ocrx_word' id='word_1_293' title='bbox 358 4242 433 4305; x_wconf 85' lang='lat' dir='ltr'><strong>salit.</strong></span> 
     </span>
    </p>
   </div>
   <div class='ocr_carea' id='block_1_4' title="bbox 0 0 1677 5109">
    <p class='ocr_par' dir='ltr' id='par_1_15' title="bbox 0 0 1677 5109">
     <span class='ocr_line' id='line_1_41' title="bbox 0 0 1677 5109; baseline 0 0"><span class='ocrx_word' id='word_1_294' title='bbox 0 0 1677 5109; x_wconf 95' lang='lat' dir='ltr'><strong> </strong></span> 
     </span>
    </p>
   </div>
  </div>
 </body>
</html>
