3334 5109
689 410 876 461 LATINE.

366 578 441 635 Exin
457 578 556 637 laevae
571 585 654 656 aptat
667 577 812 655 clipeique
826 563 943 654 insigne
958 577 1105 644 decorum,

487 675 545 744 Qui
561 682 648 753 eaput
663 694 696 732 ac
711 675 825 753 plantas
840 674 970 751 protegit
985 672 1055 729 orbe
1069 671 1169 728 Ducis.

367 796 455 854 Hunc
470 797 563 873 cingit
577 798 673 853 stanni
688 796 795 874 viginti
810 794 922 851 vicibus
936 794 1042 864 umbo;

489 892 592 950 Circlis
607 912 642 951 ex
656 894 764 951 mediis
778 911 863 949 aerea
877 898 941 948 rota
954 893 1062 961 micat;

366 1005 460 1074 Quam
476 1025 562 1083 super
577 1008 717 1083 impressa
731 1015 775 1063 est
790 1006 853 1063 fera
867 1004 999 1077 PhorciS‚
1017 1004 1136 1061 barbara
1151 1003 1233 1074 visu,

489 1102 667 1161 Infandum!
690 1103 852 1161 Horrorem
868 1120 941 1178 quae
956 1102 1045 1159 trahit
1059 1109 1144 1178 atque
1160 1099 1284 1177 Fugam..

370 1216 489 1275 Aeneus
505 1216 580 1274 hanc
594 1217 703 1274 circum
719 1216 748 1273 in
764 1218 873 1293 spiram
888 1234 919 1272 se
933 1214 1048 1292 colligit
1062 1214 1174 1292 anguis,

487 1313 544 1371 Cui
558 1314 620 1371 sola
634 1321 679 1371 est
693 1315 791 1372 cervix
805 1314 1060 1391 tergeminumque
1075 1319 1169 1389 caput.

367 1426 499 1485 Nexibus
514 1427 626 1505 argenti
641 1426 698 1484 hoc
713 1428 804 1485 vincit
819 1426 888 1484 Dux
903 1426 1022 1484 brachia
1036 1427 1143 1483 circum

488 1524 647 1602 Egregium
663 1544 778 1596 manue,
794 1544 854 1581 non
868 1524 1012 1581 imitabile
1027 1543 1108 1601 opus.
1199 1515 1202 1521 ⁵

367 1637 449 1710 Post,
466 1646 591 1715 quatuor
604 1644 684 1695 texta
699 1638 788 1715 virgis
803 1657 855 1695 sua
869 1645 1003 1715 tempora
1017 1638 1110 1714 cingit

488 1733 618 1806 Casside,
635 1735 754 1792 cristata
768 1736 848 1793 crine
861 1734 999 1812 jubisque
1015 1734 1089 1791 feris.

367 1845 441 1905 Inde
455 1847 529 1904 duas
543 1854 619 1905 astas
633 1848 756 1905 infestas
770 1849 900 1925 pondere
915 1848 1035 1925 stringit

489 1944 633 2003 Flammas
648 1944 804 2017 vibrantes,
820 1945 938 2022 fulgura
953 1951 985 2002 ut
1000 1946 1068 2021 igne
1083 1945 1199 2003 micant.

367 2056 425 2115 Ast
439 2063 457 2092 “
468 2057 622 2115 hominum
638 2078 738 2137 regem
750 2058 768 2087 ”
784 2058 880 2115 Pallas
895 2057 1028 2135 Iunoque
1043 2065 1158 2116 tuentes

488 2154 570 2212 Dant
584 2156 718 2233 signum:
741 2155 840 2211 cuncti
855 2154 941 2212 simul
956 2156 987 2211 in
1002 2174 1082 2211 arura
1095 2163 1190 2213 ruunt.

1116 2269 1141 2317 C.
1160 2269 1286 2317 Srrunrra

247 2361 443 2418 contectus
459 2364 675 2422 arenariam.

247 2465 350 2527 ODiva,
362 2472 462 2529 gratum
474 2481 539 2527 quae
550 2467 614 2530 regis
626 2467 739 2528 Antium,
801 2466 835 2515 Te
847 2466 908 2528 Spes
919 2473 945 2515 et
957 2466 1014 2515 albo
1025 2482 1080 2514 rara
1092 2467 1162 2515 Fides
1174 2467 1233 2515 colit

246 2548 369 2597 Praesens
381 2548 421 2597 vel
432 2550 482 2597 imo
493 2549 580 2597 tollere
591 2550 621 2597 de
634 2550 711 2612 gradu
801 2548 892 2596 Velata
902 2564 986 2611 panno
997 2564 1043 2597 nee
1054 2551 1168 2598 comitem
1179 2552 1298 2615 abnegat,

279 2630 385 2680 Mortale
396 2646 487 2693 corpus
499 2632 539 2681 vel
550 2634 671 2694 superbos
835 2631 968 2692 Utcunque
979 2639 1076 2680 mutata
1087 2639 1200 2694 potentes

312 2712 418 2763 Vertere
429 2716 560 2764 funeribus
572 2715 718 2777 triumphos,
867 2713 945 2762 Veste
956 2714 1042 2763 domos
1054 2715 1152 2762 inimica
1163 2715 1261 2776 linquis.

247 2796 282 2845 Te
293 2811 388 2859 pauper
399 2797 479 2845 ambit
490 2798 596 2845 sollicita
607 2812 680 2859 prece
801 2800 836 2844 At
847 2797 937 2859 milgus
949 2797 1052 2844 infidum
1064 2803 1089 2845 et
1100 2798 1215 2845 meretrix
1227 2803 1297 2847 retro

248 2878 322 2927 Ruris
333 2878 444 2940 colonus,
456 2884 482 2927 te
494 2880 618 2927 dominam
630 2879 744 2940 aequoris
801 2878 907 2939 Perjura
917 2879 989 2939 cedit,
1003 2878 1144 2941 diffugiunt,
1156 2878 1224 2927 cadis

281 2960 428 3021 Quicunque
441 2960 550 3023 Bithyna
561 2962 661 3010 lacessit
835 2962 896 3009 Cum
908 2962 978 3009 faece
990 2963 1095 3021 siccatis,
1108 2961 1180 3008 amici

314 3042 475 3103 Carpathium
488 3043 591 3106 pelagus
603 3044 693 3093 carina.
867 3045 941 3093 Ferre
951 3046 1038 3106 jugum
1050 3044 1143 3104 pariter
1153 3042 1238 3092 dolosi.

248 3126 282 3175 'l'e
293 3125 376 3173 Dacus
388 3138 468 3187 asper,
480 3131 506 3174 te
517 3126 618 3190 profugi
630 3126 735 3189 Scythae
801 3126 889 3174 Servos
901 3126 993 3173 iturum
1006 3126 1134 3173 Caesarem
1146 3126 1171 3172 in
1183 3126 1287 3175 ultimos

249 3207 379 3269 Urbesque
388 3213 526 3270 gentesque
537 3214 563 3256 et
575 3208 672 3255 Latium
685 3209 757 3256 ferox
802 3209 875 3257 Orbis
887 3208 1020 3256 Britannos
1031 3214 1056 3255 et
1067 3209 1184 3269 juvenum
1196 3223 1286 3258 reeens

282 3291 428 3353 Regumque
438 3296 532 3338 matres
543 3291 703 3338 barbarorum
715 3295 741 3337 et
835 3291 946 3338 Examen
958 3290 1015 3337 Eois
1026 3291 1163 3337 timendum

314 3372 437 3433 Purpurei
448 3378 564 3421 metuunt
576 3373 682 3435 tyranni,
868 3372 984 3420 Partibus
997 3372 1142 3433 Oceanoque
1153 3374 1235 3423 rubro.

248 3454 374 3516 Iniuricso
385 3468 418 3503 ne
428 3456 493 3516 pede
504 3470 608 3517 proruas
802 3454 872 3502 Eheu
884 3455 1035 3502 eicaitricum
1047 3460 1072 3502 et
1083 3455 1181 3503 sceleris
1193 3456 1271 3517 pudet

248 3537 362 3587 Stantem
378 3536 527 3599 columnam,
539 3553 588 3587 neu
601 3537 708 3600 populus
721 3538 769 3586 fre-
803 3536 973 3597 Fratrumque.
1008 3536 1072 3593 Quid
1088 3551 1133 3585 nos
1151 3537 1213 3585 dura
1226 3536 1310 3599 refugi
1313 3568 1321 3574 -

349 3633 429 3679 quens
901 3634 956 3667 mus

283 3701 323 3749 Ad
335 3714 406 3749 arura
417 3707 551 3763 cessantes,
564 3702 595 3750 ad
607 3716 676 3749 anna
836 3704 935 3751 Aetas?
952 3703 1012 3762 quid
1024 3702 1143 3749 intactum
1153 3701 1246 3750 nefasti

316 3782 429 3831 Concitet
440 3784 620 3845 imperiumque
631 3785 739 3847 frangat.
868 3785 1016 3844 Liquirnus?
1034 3785 1099 3832 unde
1115 3800 1214 3831 manum
1231 3785 1322 3847 juven-

250 3865 284 3913 'l'e
295 3878 394 3927 semper
406 3866 484 3914 anteit
496 3878 570 3913 saeva
582 3865 724 3914 Necessitas
900 3872 943 3913 tus

250 3948 339 3996 Claros
351 3947 460 3997 trabales
472 3953 497 3995 et
509 3962 600 3997 cuneos
612 3963 686 3996 manu
803 3947 871 3996 Metu
883 3949 984 3995 deorum
996 3948 1136 3996 continuit?
1154 3948 1244 4007 quibus

284 4030 391 4079 (lestans
403 4044 473 4092 aena,
485 4045 531 4080 neo
542 4044 642 4079 severus
803 4031 918 4092 Pepercit
929 4032 998 4080 aris?
1033 4031 1053 4079 0
1064 4031 1159 4078 utinam
1171 4045 1236 4079 nova

316 4112 402 4162 Uncus
419 4115 491 4163 abest
508 4113 679 4175 liquidumque
691 4114 769 4176 plum·
836 4113 929 4162 Incude
940 4113 1054 4176 diffingas
1065 4120 1175 4160 retusum
1188 4113 1213 4160 in

263 4206 266 4214 ·
349 4196 416 4247 burn.
702 4176 709 4190 l
869 4196 1023 4259 Massagetas
1034 4197 1180 4256 Arabasque
1191 4196 1285 4244 terrum
1295 4198 1304 4246 1

1111 4277 1167 4328 Car.
1180 4278 1199 4340 I,
1212 4294 1290 4329 xm.
1328 4275 1331 4281 ’
