3334 5109
366 385 415 437 66
806 390 992 441 LATINE.

413 553 443 603 B.
462 556 537 617 Apud
549 556 655 604 Asianos
666 562 757 603 matres
768 556 899 617 praecipue
909 556 1068 604 honorantur.
1103 556 1237 605 Meministi
1249 559 1374 616 Atossam,
1386 569 1436 601 ma

364 642 427 685 trem
439 638 502 699 Cyri,
514 644 540 686 et
552 644 655 687 matrem
667 638 762 686 Siserae
773 637 799 685 in
811 636 874 685 libro
883 637 993 698 judicum
1006 638 1181 686 Hebraeorum.

413 720 448 767 A.
467 719 529 776 Quid
540 724 655 767 metuunt
666 720 782 780 tyranni?

413 800 442 849 B.
461 800 567 861 Tyranni
579 806 699 861 metuunt,
711 815 742 847 ne
754 801 859 862 populus
871 803 944 849 rebus
956 801 1025 849 novis
1037 802 1143 861 studeat,
1152 802 1359 849 etauctoritatem
1371 801 1436 861 ipso

364 898 419 930 rum
430 888 531 931 evertat.
567 882 655 931 Nonne
666 882 774 945 gladium
791 888 846 931 seta
858 885 949 943 equina
964 891 1050 945 aptum
1068 899 1084 931 a
1100 884 1210 931 lacunari
1227 883 1329 944 Dionysi
1346 881 1435 929 demis·

363 980 418 1013 sum
429 966 456 1013 in
467 966 549 1013 animo
560 965 658 1013 habes?
692 966 752 1027 (Cic
766 966 822 1014 Tus.
835 982 859 1027 v,
872 967 921 1027 tlt

412 1048 446 1095 A.
466 1046 572 1095 Memini
606 1046 694 1095 Nonne
705 1047 835 1095 columnae
845 1048 957 1096 aedificia
967 1048 1110 1096 sustinent?

411 1127 441 1176 B.
460 1129 499 1176 lta
510 1142 585 1189 sane;
597 1129 648 1177 dux
659 1144 733 1190 saepe
743 1130 816 1189 quasi
827 1130 947 1190 columna,
954 1145 1017 1190 quae
1029 1131 1155 1177 civitatem
1168 1130 1290 1187 sustinet;
1307 1127 1368 1187 quid
1379 1140 1438 1187 pro·

363 1211 412 1257 fuit
429 1210 552 1259 Thebanis
570 1211 673 1259 victoria
691 1211 854 1272 Mantineam,
869 1213 931 1261 duce
947 1212 1097 1259 interfecto?
1131 1210 1253 1258 Columna
1269 1210 1345 1257 etiam
1361 1208 1433 1268 quasi

362 1299 549 1341 monumentum
560 1292 678 1341 victoriae
694 1298 752 1355 stat,
765 1292 823 1354 alta,
836 1293 931 1354 decora,
943 1292 1087 1355 splendida:
1105 1292 1179 1339 credo
1191 1292 1268 1339 talem
1278 1306 1333 1339 esse
1346 1291 1435 1338 “stan-

362 1380 413 1423 tem
424 1373 563 1423 columnam
573 1375 588 1399 ’¹
599 1381 693 1436 poetae

411 1456 444 1505 A.
464 1456 544 1514 Quare
555 1462 630 1519 poeta
640 1457 670 1505 de
682 1456 744 1518 pede
756 1456 879 1520 injurioso
891 1457 1014 1505 Fortunae
1025 1456 1155 1517 loquitur?

410 1539 439 1589 B.
458 1540 583 1591 Seditions
596 1545 659 1601 orta,
670 1541 742 1601 plebs
755 1541 838 1589 excita
856 1555 883 1589 se
901 1540 1047 1589 insolentius
1066 1554 1159 1603 gerere,
1171 1554 1241 1587 arma
1260 1540 1286 1586 in
1304 1538 1430 1587 civitatem

360 1628 464 1684 vertere,
476 1622 601 1685 prioribus
613 1623 711 1685 regibus
723 1622 749 1670 in
760 1623 901 1670 calamitate
912 1623 1032 1671 insultare
1043 1622 1114 1670 solet.

410 1705 444 1755 A.
463 1704 503 1755 Sic
514 1720 602 1767 saepe3
616 1706 660 1766 qui
671 1706 747 1754 etiam
758 1704 832 1753 otiosi
843 1710 909 1764 sunt,
921 1719 963 1753 eos
975 1705 1041 1753 cives
1053 1703 1191 1751 turbulenti
1202 1703 1234 1751 ad
1245 1717 1316 1749 arma
1327 1701 1433 1749 incitare

359 1787 447 1837 solent.

409 1868 438 1917 B.
458 1867 526 1924 Quae
536 1868 672 1917 Fortunam
683 1868 826 1917 antecedit?

409 1948 443 1999 A.
462 1949 603 1998 Necessitas
614 1950 755 2011 praecedit3
775 1956 860 1999 utrum
870 1950 921 1997 dux
932 1964 965 1997 an
976 1951 1110 1998 ministra?

408 2031 438 2081 B.
456 2031 545 2079 Nonne
556 2030 674 2081 Horatius
686 2032 740 2081 aliis
753 2032 813 2081 locis
824 2033 856 2081 de
867 2032 1021 2081 Necessitate
1032 2032 1163 2092 loquitur?

408 2113 443 2162 A.
462 2113 528 2161 Dicit
539 2126 620 2173 aequa
630 2112 684 2177 lege
695 2114 875 2163 Necessitatem
887 2115 996 2177 insignes
1007 2120 1033 2163 et
1043 2115 1107 2162 imos
1118 2114 1203 2161 sortiri
1212 2112 1281 2175 (Car.
1294 2113 1328 2172 iii,
1344 2115 1365 2172 l,
1379 2112 1429 2173 litt

408 2194 438 2243 B.
457 2195 541 2243 (licem
553 2194 613 2243 dicit
621 2196 729 2243 humana
740 2196 843 2245 consilia
854 2197 938 2244 divina
947 2198 1094 2244 necessitate
1106 2211 1161 2244 esse
1173 2203 1289 2257 superata
1298 2195 1365 2254 (Pro.
1376 2194 1429 2257 lig.

358 2278 402 2343 vi).
437 2277 502 2325 Dicit
513 2277 579 2325 idem
590 2277 650 2325 deos
662 2278 813 2327 immortales
824 2293 871 2330 suo
881 2279 982 2327 numine
991 2278 1047 2327 iata
1057 2277 1157 2327 flectere
1167 2278 1271 2338 nequire
1277 2275 1342 2339 (Cat.
1352 2277 1385 2337 iii,
1394 2276 1431 2340 8).

359 2359 425 2408 Num
437 2360 516 2408 credis
527 2358 708 2409 Necessitatem
719 2361 843 2409 Fortunae
854 2362 965 2409 servire?

407 2441 441 2490 A.
460 2441 517 2491 Non
527 2442 615 2491 orado:
634 2442 694 2503 quid
705 2443 769 2506 gerit
780 2458 856 2491 manu
868 2443 1027 2491 Necessitas?

408 2524 439 2574 B.
456 2523 553 2586 Claros,
565 2538 664 2585 cuneos,
676 2540 761 2586 uncos,
774 2524 920 2587 plumbum
938 2526 1110 2586 instmmenta,
1122 2526 1204 2586 credo,
1216 2523 1320 2586 opificis.

406 2604 442 2654 A.
460 2604 549 2654 Nonne
559 2605 660 2667 opifices
672 2608 756 2655 trabes
768 2607 845 2655 clavis
856 2607 947 2654 ferreis
957 2606 1114 2669 religabunt?

406 2686 437 2736 B.
455 2688 531 2749 Apud
549 2688 678 2737 Gaesarem
691 2689 782 2737 Veneti
793 2689 870 2737 clavis
881 2688 977 2749 terreis,
988 2688 1084 2749 pollicis
1097 2689 1181 2752 digitis
1192 2688 1364 2748 crassitudine,
1376 2677 1430 2736 ute·

358 2772 457 2819 bantur.
493 2770 612 2819 Horatius
629 2770 677 2819 alio
694 2770 748 2819 loco
759 2769 797 2834 (0.
809 2772 844 2832 iii,
857 2773 900 2833 24)
911 2771 942 2819 de
953 2770 1118 2817 adamantinis
1130 2770 1208 2817 clavis
1220 2769 1383 2817 Necessitatis
1395 2767 1428 2816 lo

357 2857 456 2911 quatur.
485 2852 570 2901 Cicero
581 2852 641 2901 dicit
652 2858 767 2915 oportere
778 2852 925 2903 beneficium
936 2852 1018 2915 ligere,
1031 2867 1104 2913 quem
1117 2852 1250 2901 admodum
1262 2852 1366 2914 dicatur,
1378 2857 1428 2899 tra·

358 2934 409 2983 beli
419 2934 497 2985 clavo.

406 3016 441 3067 A.
459 3016 549 3067 Nonne
559 3017 630 3081 tigna
640 3018 749 3081 narium,
761 3018 847 3067 cuneis
859 3018 969 3079 intrusis,
980 3017 1169 3079 religabantur?

405 3097 436 3149 B.
455 3098 495 3148 Sic
506 3114 580 3149 vero:
598 3114 659 3148 saxa
670 3106 753 3149 autem
764 3100 853 3149 ferreis
870 3099 940 3147 uncis
957 3100 1155 3160 continebantur,
1167 3104 1193 3147 et
1205 3097 1335 3159 plumbum
1347 3096 1429 3157 liqua-

356 3186 412 3229 tum
423 3181 450 3229 in
461 3182 598 3231 excisiones
608 3182 795 3231 infundebatur.

405 3263 440 3313 A.
458 3262 547 3313 Nonne
557 3263 600 3312 alii
611 3264 715 3313 credunt
727 3264 788 3313 haec
799 3265 966 3313 instrumenta
976 3263 1100 3311 camificis
1112 3277 1169 3311 esse
1180 3265 1190 3311 ?

405 3344 436 3395 B.
454 3344 518 3394 Sunt
528 3345 609 3407 multi,
617 3346 660 3406 qui
671 3345 718 3394 hoc
730 3347 847 3408 credant;
864 3346 925 3393 mihi
935 3351 1018 3393 autem
1029 3345 1078 3393 alia
1086 3344 1259 3406 interpretatio
1267 3343 1357 3405 placet.
1388 3342 1428 3391 De

356 3425 405 3475 hac
416 3428 524 3491 imagine
541 3426 621 3475 multa
637 3428 690 3490 jam
702 3428 847 3478 dictasunt.
876 3429 986 3493 Iessing,
993 3429 1100 3490 scriptor
1112 3427 1250 3475 Germanus
1259 3426 1363 3486 celeber,
1377 3424 1425 3473 Ho

355 3509 448 3557 ratium
459 3509 568 3573 graviter
579 3510 744 3573 reprehendit.
779 3511 916 3574 Imaginem
923 3512 1021 3573 Atrcpi,
1030 3509 1119 3559 malleo
1131 3509 1228 3558 clavum
1240 3506 1428 3571 infigentis,‚alii

358 3594 463 3645 credunt
475 3598 533 3641 ante
540 3591 626 3641 oculos
637 3598 736 3654 poetam
748 3592 873 3643 habuisse.

405 3676 441 3725 A.
460 3675 527 3732 Quae
539 3675 674 3723 Fortunam
686 3674 771 3723 colunt
783 3680 808 3723 et
819 3676 987 3724 comitantur?

404 3758 434 3807 B.
453 3758 530 3806 Poeta
541 3757 615 3819 Spem
627 3762 653 3805 et
664 3757 749 3805 Fidem
762 3757 865 3805 comites
876 3757 1000 3805 Fortunae
1010 3771 1066 3806 esse
1076 3758 1152 3818 dicit3
1168 3758 1248 3805 tibine
1259 3757 1297 3803 ita
1306 3755 1427 3803 videtur?

404 3840 438 3889 A.
457 3839 511 3887 Scio
528 3852 614 3887 omnes
632 3852 732 3900 sperare
750 3854 777 3887 se
794 3854 861 3888 nova
878 3845 904 3887 et
919 3840 1021 3887 meliora
1032 3854 1134 3887 munera
1145 3840 1262 3887 fortunae
1274 3843 1426 3899 recepturos,

354 3922 406 3984 sed,
418 3922 528 3969 Fortuna
539 3919 639 3968 domum
651 3920 786 3984 linquente,
798 3937 849 3970 non
861 3922 933 3970 velim
945 3923 1044 3971 credere
1056 3922 1142 3970 Fidem
1153 3922 1281 3969 fortunam
1292 3918 1417 3968 comitari.

403 4003 433 4053 B.
451 4002 540 4051 Nonne
558 4007 633 4064 poeta
650 4003 710 4051 dicit
721 4002 824 4052 infidum
836 4004 926 4067 vulgus
937 4010 963 4053 et
977 4006 1103 4066 perjuram
1115 4002 1268 4051 meretricem
1280 4002 1387 4048 amicum
1398 4000 1426 4048 in

353 4085 495 4135 calamitate
506 4085 663 4146 relinquere?
1356 4143 1359 4150 1

403 4167 437 4217 A.
455 4167 550 4216 Verum
560 4173 613 4229 est3
630 4166 691 4215 dicit
708 4175 791 4217 autem
805 4169 891 4217 Fidem
904 4180 955 4216 non
966 4168 1090 4216 Fortunae
1102 4167 1225 4228 linquenti
1236 4166 1336 4214 domum
1346 4179 1375 4213 se
1384 4178 1428 4213 oo-

351 4249 439 4299 mitem
450 4251 580 4314 abnegare.
