3334 5109
332 402 354 450 4
773 404 958 457 LATINE.

335 582 468 628 CICERO.

394 681 419 734 1.
444 675 495 757 [A.
511 675 549 733 U.
566 675 598 734 Ο.
615 683 673 734 648
685 700 718 729 =
734 682 790 733 106
808 675 943 757 110111]
965 676 1053 733 Diem
1070 695 1169 733 meum
1190 676 1247 733 scis
1268 695 1331 733 esse
1346 674 1400 733 llL

333 770 434 830 Nonas
456 772 613 831 Ianuarias.
658 774 756 853 (epist.
778 772 815 829 ad
838 772 928 831 Attic.
947 780 992 846 13,
1008 779 1055 845 42,
1077 779 1103 831 2.
1147 772 1195 830 cf.
1213 774 1239 844 7,
1256 781 1282 844 5,
1299 780 1333 830 3;
1356 772 1403 830 Ita

332 869 370 927 nd
383 869 487 927 urbem
502 867 556 926 ΙΙΙ.
573 868 681 941 Nonas,
698 868 786 927 natali
802 868 892 947 meo.)

282 1026 285 1035 ,
393 972 420 1025 2.
450 965 506 1023 lllo
531 965 596 1023 loco
621 966 756 1045 (thetis,
781 972 812 1023 at
836 966 997 1046 Arpinum)
1022 967 1215 1025 libentissime
1240 966 1320 1024 soleo
1348 966 1401 1036 uti,

332 1062 393 1119 sive
407 1060 480 1139 quid
494 1080 608 1118 mecum
624 1063 686 1140 ipse
701 1062 800 1139 cogito
822 1062 883 1119 sive
898 1063 967 1139 quid
983 1064 1079 1121 scribo
1093 1073 1146 1121 aut
1159 1063 1235 1141 lego.
1278 1071 1323 1120 est
1337 1081 1402 1119 mea

331 1166 362 1216 et
375 1157 462 1216 huius
485 1158 584 1216 fratris
606 1159 664 1217 mei
679 1177 818 1237 germana
839 1160 949 1235 patria:
971 1159 1019 1218 hic
1041 1162 1120 1219 enim
1142 1162 1200 1218 orti
1224 1160 1314 1238 stirpe
1328 1160 1402 1217 anti-

332 1255 473 1335 quissima
486 1274 600 1325 sumus3
621 1256 670 1315 hic
691 1275 779 1327 sacra,
795 1256 843 1314 hic
857 1276 957 1335 genus,
973 1258 1022 1316 hic
1042 1259 1188 1317 maiorum
1209 1257 1303 1315 multa
1316 1256 1402 1315 vesti·

270 1427 274 1433 .
332 1355 388 1432 gia
418 1352 492 1430 quid
505 1352 610 1431 plural
642 1352 718 1411 hanc
733 1354 815 1411 vides
829 1354 936 1426 villam,
951 1364 984 1413 ut
998 1375 1076 1413 nunc
1091 1354 1212 1433 quidem
1227 1361 1279 1427 est,
1295 1354 1402 1411 lautius

332 1448 516 1509 aedificatam
531 1450 622 1528 patris
635 1451 728 1508 nostri
743 1452 850 1524 studio,
860 1453 911 1529 qui
925 1472 990 1509 cum
1004 1460 1081 1510 esset
1095 1450 1212 1509 infirma
1225 1450 1401 1521 valetudine,

331 1546 381 1604 hio
394 1546 455 1604 fere
470 1553 596 1605 aetatem
618 1548 680 1625 egit
694 1549 723 1605 in
740 1548 864 1621 litteris3
885 1549 937 1607 sed
957 1548 1014 1607 hoc
1028 1550 1093 1626 ipso
1108 1549 1138 1605 in
1154 1548 1228 1620 loeo,
1244 1567 1311 1606 cum
1332 1566 1402 1604 avus

332 1644 446 1702 viveret
458 1650 489 1701 et
502 1644 624 1721 antiquo
639 1664 719 1702 more
733 1664 822 1723 parva
836 1653 912 1703 esset
925 1645 1001 1716 villa,
1017 1653 1050 1702 ut
1064 1645 1115 1702 illa
1129 1644 1258 1702 Curiana
1276 1646 1308 1701 in
1323 1644 1405 1701 Sabi-

331 1742 386 1814 nis,
402 1760 450 1799 me
473 1741 547 1798 scito
571 1760 633 1799 esse
655 1749 773 1814 natum3
797 1762 855 1819 qua
874 1763 906 1800 re
926 1744 1000 1801 inest
1021 1743 1119 1799 nescio
1136 1742 1207 1819 quid
1230 1749 1260 1800 et
1280 1742 1352 1799 latet
1372 1741 1402 1797 in

332 1838 431 1895 animo
445 1856 479 1895 ac
500 1848 587 1895 sensu
600 1857 676 1909 meo,
693 1857 750 1915 quo
767 1858 814 1896 me
836 1839 901 1916 plus
915 1840 962 1896 hic
984 1839 1066 1896 locus
1087 1839 1212 1896 fortasse
1228 1838 1361 1909 delectet,
1377 1838 1401 1894 si

332 1934 452 2024 quidem
467 1934 557 1992 etiam
572 1933 621 1992 ille
635 1936 866 2012 sapientissimus
880 1938 932 2007 vir,
949 1935 1079 1993 Ithacam
1101 1943 1135 1993 ut
1148 1935 1270 2005 videret,
1287 1936 1404 1992 immor-

332 2032 477 2091 talitatem
492 2033 629 2090 scribitur
642 2033 818 2110 repudiasse.
863 2032 913 2111 (de
926 2033 981 2111 leg.
999 2039 1015 2089 2
1033 2032 1049 2112 ἓ
1066 2031 1109 2110 3.)

394 2135 420 2188 3.
444 2127 598 2209 [663-668
611 2153 644 2181 =
658 2128 771 2209 91-86]
798 2130 846 2187 Mo
855 2129 1076 2207 cupidissimum
1091 2129 1232 2187 audiendi
1245 2126 1400 2207 (oratores)

332 2227 446 2305 primus
469 2225 555 2285 dolor
576 2228 727 2305 percussit,
742 2226 831 2285 Cotta
854 2246 919 2284 cum
942 2235 987 2285 est
1009 2227 1155 2305 expulsus.
1198 2227 1326 2304 reliquos
1348 2224 1405 2283 fre-

334 2331 457 2403 quenter
467 2324 590 2402 audiens
604 2326 744 2382 acerrimo
756 2325 855 2382 studio
866 2324 993 2395 tenebar,
1009 2324 1178 2402 cotidieque
1189 2332 1220 2382 et
1233 2323 1363 2382 scribens
1374 2330 1405 2382 et

333 2420 434 2497 legens
449 2430 479 2480 et
492 2428 694 2479 commentans
708 2422 843 2479 oratoriis
863 2430 961 2479 tamen
976 2422 1234 2479 exercitationibus
1249 2429 1404 2480 contentus

334 2538 394 2577 non
409 2538 497 2577 eram.
540 2519 596 2576 iam
613 2527 808 2596 consequente
830 2538 906 2576 anno
922 2518 955 2587 Q
971 2518 1078 2577 Varius
1098 2540 1151 2577 sua
1170 2520 1237 2598 lege
1251 2520 1406 2577 damnatus

335 2622 513 2687 excesserat3
535 2634 591 2692 ego
606 2623 703 2673 autem
718 2616 789 2673 i'uris
811 2616 903 2673 civilis
917 2616 1013 2673 studio
1027 2616 1153 2674 multum
1175 2636 1280 2694 operae
1299 2614 1404 2673 dabam

336 2712 369 2781 Q.
386 2712 544 2770 Scaevolae
559 2711 592 2780 Q.
609 2711 649 2785 F,
666 2713 715 2791 qui
737 2732 913 2790 quamquam
934 2714 1042 2770 nemini
1057 2733 1087 2771 se
1109 2714 1147 2771 ad
1169 2713 1335 2771 docendum
1357 2712 1406 2770 da·

335 2810 394 2880 bat,
404 2816 504 2867 tamen
516 2809 733 2867 consulentibus
743 2810 947 2887 respondendo
959 2810 1107 2867 studiosos
1117 2810 1255 2867 audiendi
1271 2808 1403 2867 docebat.

300 2950 302 2954 .
336 2904 435 2983 Atque
449 2905 519 2963 huic
534 2925 610 2963 anno
632 2906 780 2983 proximus
801 2906 882 2964 Sulla
902 2907 1018 2964 consule
1034 2914 1063 2964 et
1080 2907 1224 2985 Pompeio
1245 2906 1319 2965 fuit:
1341 2915 1403 2965 tum

336 3001 370 3061 P.
386 3002 510 3081 Sulpicii
525 3003 555 3059 in
569 3002 720 3060 tribunatu
735 3003 844 3061 cotidie
859 3004 1055 3061 contionantis
1069 3010 1166 3061 totum
1179 3023 1273 3082 genus
1287 3003 1405 3061 dicendi

336 3100 454 3177 penitus
468 3100 668 3177 cognovimus.
712 3100 882 3177 Eodemque
897 3107 1037 3177 tempore,
1053 3120 1118 3157 cum
1141 3101 1278 3179 princeps
1294 3100 1408 3158 Acade-

338 3197 415 3255 miae
435 3196 524 3254 Philo
549 3216 615 3254 cum
637 3197 862 3255 Atheniensium
887 3197 1077 3275 optimatibus
1102 3197 1305 3255 Mithridatico
1328 3197 1406 3255 bello

338 3293 427 3353 domo
442 3293 625 3372 profugisset
637 3294 819 3373 Romamque
833 3294 966 3366 venisset,
981 3302 1076 3352 totum
1093 3295 1120 3352 ei
1134 3314 1182 3353 me
1192 3294 1301 3353 tradidi
1316 3295 1409 3353 admi·

338 3390 422 3449 rabili
432 3392 561 3470 quodam
573 3391 610 3449 ad
620 3390 837 3470 philosophiam
850 3391 947 3449 studio
959 3392 1130 3465 concitatus,
1140 3392 1171 3449 in
1182 3411 1241 3470 quo
1252 3390 1309 3450 hoc
1318 3393 1405 3449 etiam

339 3488 543 3548 commorabar
556 3490 704 3563 attentius,
717 3489 797 3568 quod
807 3490 862 3547 etsi
876 3509 971 3547 rernm
980 3491 1108 3567 ipsarum
1120 3490 1243 3547 varietas
1255 3497 1284 3547 et
1297 3490 1410 3567 magni-

338 3587 412 3645 tudo
427 3606 542 3645 snmma
555 3606 603 3644 me
617 3587 809 3645 delectatione
818 3586 975 3660 retinebat,
987 3595 1085 3667 tamen
1099 3587 1214 3645 sublata
1226 3587 1286 3644 iam
1300 3606 1362 3645 esse
1376 3587 1406 3644 in

339 3691 515 3763 perpetuum
536 3684 610 3741 ratio
631 3684 805 3741 iudiciorum
826 3682 995 3742 videbatur:
1018 3684 1167 3743 occiderat
1189 3684 1335 3762 Sulpicius
1355 3683 1407 3742 illo

341 3801 417 3839 anno
431 3788 551 3858 tresque
572 3782 704 3858 proximo
719 3782 807 3839 trium
822 3789 948 3840 aetatum
968 3789 1097 3840 oratores
1111 3789 1195 3840 erant
1208 3781 1410 3840 crudehssime

339 3877 495 3949 interfecti,
507 3875 542 3945 Q„
555 3876 684 3949 Catulus,
699 3877 738 3936 M.
751 3878 907 3951 Antonius,
917 3878 949 3937 C.
962 3878 1061 3937 Iulius.
1099 3875 1196 3957 (Brut
1209 3877 1227 3957 ξ
1243 3877 1406 3958 305-307.)

401 3980 429 4033 4.
455 3972 611 4055 [668-670
624 3997 657 4026 =
671 3973 783 4056 86-84]
806 3974 977 4033 Triennium
991 3976 1054 4032 fere
1067 3976 1123 4033 fuit
1135 3974 1207 4032 urbs
1227 3975 1290 4032 sine
1311 3975 1408 4047 armis,

342 4072 394 4130 sed
415 4080 564 4130 oratorum
585 4077 636 4129 aut
655 4072 773 4129 interitu
795 4080 846 4130 aut
866 4073 995 4131 discessu
1015 4078 1067 4129 aut
1086 4071 1265 4149 iuga-nam
1288 4070 1410 4129 aberant

341 4170 430 4228 etiam
452 4168 653 4227 adulescentes
667 4168 706 4227 M.
722 4167 843 4226 Crassus
864 4176 894 4227 et
908 4168 1024 4227 Lentuli
1038 4168 1248 4246 duo-primas
1259 4167 1292 4225 in
1313 4168 1409 4225 causis

341 4264 448 4345 agebat
457 4266 651 4338 Hortensius3
666 4266 759 4344 magis
769 4266 921 4343 magisque
930 4265 1040 4324 cotidie
1053 4264 1234 4342 probabatur
1242 4263 1410 4340 Antistius·,
