3334 5109
782 413 923 466 152
1645 417 1857 468 LATI
1873 419 2019 471 NE.

772 582 925 640 inter
952 602 1013 641 se
1040 583 1248 642 choros
1275 584 1513 656 ducunt,
1546 585 1747 642 Venus
1789 586 1981 644 lusum
2025 586 2231 664 dirigit
2272 593 2332 644 et
2366 605 2471 664 per
2499 591 2740 663 pectora
2766 589 2924 639 amo·

776 698 899 737 rem
929 680 1227 738 diffundit.

898 777 1205 835 Adventus
1233 778 1383 834 veris
1423 778 1598 836 modo
1641 778 1756 837 alio
1799 780 1904 837 sed
1945 799 2130 858 aeque
2172 780 2438 857 jucundo
2468 779 2527 835 in
2562 774 2914 835 carminibus

779 875 1030 953 septimo
1059 883 1120 933 et
1147 875 1496 934 duodecimo
1538 877 1672 934 libri
1715 878 1907 955 quarti
1948 878 2308 956 depingitur.
2394 875 2683 934 Horatius
2710 873 2784 930 de
2811 872 2916 930 ho·

779 971 1036 1029 minibus
1063 982 1122 1030 et
1157 973 1233 1031 de
1263 972 1436 1031 rebus
1477 975 1536 1030 in
1579 974 1790 1052 quibus
1832 974 2102 1033 homines
2129 975 2345 1032 versari
2374 973 2583 1045 solent,
2608 968 2916 1040 scribebat,

777 1069 881 1127 sed
925 1087 1131 1128 omnes
1170 1071 1273 1147 qui
1313 1071 1437 1128 eius
1479 1090 1655 1149 opera
1697 1072 1903 1151 legunt
1944 1092 2058 1130 non
2105 1078 2355 1151 possunt
2398 1072 2541 1148 quin
2584 1067 2915 1137 confiteant,

777 1185 908 1223 eum
940 1185 1032 1224 res
1059 1172 1298 1225 naturae
1326 1167 1765 1227 observitavisse
1795 1178 1856 1228 et
1882 1177 2038 1228 recte
2067 1169 2463 1247 descripsisse.
2550 1165 2716 1225 Vale.

784 1339 1085 1386 cuam
1112 1341 1442 1387 mmm
1469 1344 1571 1388 DL·
1598 1343 2040 1388 NATIVIYAH:
2073 1342 2357 1387 amr-182⁷
2388 1339 2902 1387 commmffmff.

1180 1446 1219 1505 J
1221 1466 1316 1505 am
1343 1447 1550 1505 bruma
1576 1448 1776 1518 tristis,
1804 1447 2043 1524 jamque
2073 1446 2283 1523 pruina
2309 1445 2494 1518 adest,

1181 1544 1269 1603 En
1299 1546 1608 1604 obvolutus
1638 1545 1897 1623 tegmine
1927 1543 2166 1601 sordido

1343 1643 1624 1721 Praesepe
1653 1643 1711 1699 in
1742 1641 1957 1719 agresti
1987 1639 2275 1698 recumbit

1422 1739 1599 1797 Filius
1628 1741 1752 1817 ipse
1781 1739 1898 1796 Dei
1926 1737 2175 1796 colendi.

1187 3181 1266 3240 Et
1292 3189 1444 3241 terra
1468 3188 1672 3254 mutat,
1700 3180 1977 3240 flebiliter
2002 3201 2243 3259 gemens

1188 3279 1402 3338 Carum
1432 3278 1791 3356 Magistrum,
1823 3298 2143 3357 purpureas
2171 3279 2361 3352 vices3

1352 3376 1648 3452 Mittitque
1678 3375 1925 3433 lascivos
1955 3395 2200 3448 amores,

1429 3471 1657 3531 Ludere
1684 3491 1817 3529 cum
1848 3471 2031 3550 Lycio
2058 3492 2167 3531 nec
2194 3490 2363 3530 ausa:

1190 3602 1512 3680 Ambitque
1541 3602 1770 3660 blandis
1798 3602 2069 3680 alloquiis
2099 3602 2345 3675 Notum,

1194 3707 1230 3735 “
1248 3701 1344 3759 Sis
1371 3708 1437 3758 tu
1465 3699 1769 3778 benignus,
1801 3718 2011 3777 sparge
2038 3700 2204 3758 nives
2232 3698 2419 3772 solo‚”

1353 3796 1632 3876 Suspirat,
1666 3802 1699 3830 “
1719 3796 1902 3868 Eheu,
1933 3815 2007 3855 ne
2042 3796 2289 3878 Creator

1432 3892 1744 3972 Flagitium
1774 3893 2021 3971 aspiciat
2049 3893 2370 3971 scelusque.

1193 4023 1404 4082 Terrae
1433 4025 1671 4082 timores
1699 4025 1945 4103 pelleret
1970 4033 2037 4083 ut
2063 4024 2246 4096 Deus,

1193 4120 1408 4178 Pacem
1438 4121 1677 4194 remisit,
1710 4142 1858 4200 quae
1887 4122 2048 4180 foliis
2075 4139 2274 4181 comas

795 4291 1125 4346 mustrafion:
1161 4292 1193 4317 “
1205 4290 1457 4339 Murmura
1477 4291 1644 4353 proelii
1659 4291 1691 4316 ’⁹
1716 4289 2027 4356 [barbariam
2049 4289 2311 4353 attacking
2331 4277 2527 4338 Roman
2547 4283 2934 4350 fortificationis}
