3334 5109
702 325 893 377 LATINE.
1267 322 1336 376 168

321 487 390 568 (24)
406 490 540 550 Tandem
555 494 584 550 iu
601 513 658 550 una
672 511 738 550 mea
748 501 918 571 causa-post
928 491 1053 550 Romam
1064 491 1215 549 conditam
1226 490 1335 547 factum

171 583 173 588 ’
260 594 304 644 cst
326 594 360 644 ut
381 587 487 647 litteris
509 589 710 648 consularibus
733 609 768 646 ex
788 597 907 648 senatus
927 587 1061 646 consulto
1082 594 1188 646 cuncta
1201 606 1236 644 ex
1252 586 1337 645 ltalia

259 701 362 741 omncs
377 685 428 762 qui
443 705 504 743 rcm
520 685 667 764 publicam
679 685 788 743 salvam
800 685 909 743 vellent
920 693 1158 744 convocarentur.
1195 683 1336 742 Lentulus

260 766 511 841 consul'senatum
527 784 557 840 in
572 782 750 862 Capitolium
774 783 956 855 convocarit,
972 782 1073 861 ibique
1088 783 1118 839 iu
1132 781 1243 859 templo
1259 781 1336 839 lovis

259 877 375 958 Optimi
390 880 512 939 Maximi
527 889 644 939 senatus
659 881 825 938 consultum
842 882 881 940 de
901 901 948 939 me
970 882 1079 939 facturn
1095 881 1183 938 estin
1200 878 1335 957 Pompeii

258 978 443 1050 senteutiam,
460 979 510 1055 qui
525 978 563 1036 dc
578 979 688 1056 scripto
703 981 852 1038 sententia
871 979 952 1037 dicta
968 978 1041 1036 mihi
1065 977 1114 1035 unl
1129 977 1333 1035 testimonium

257 1075 371 1153 patriae
385 1083 573 1134 conservatae
593 1077 684 1136 dedit.
727 1075 870 1135 Decrevit
890 1077 995 1135 eodem
1016 1083 1148 1153 tempore
1162 1081 1287 1145 senatus,
1302 1081 1336 1131 ut

258 1171 310 1244 eis,
326 1172 377 1249 qui
391 1190 427 1230 ex
440 1180 506 1230 tota
519 1172 606 1232 Italia
625 1173 727 1230 salutis
749 1193 830 1231 meae
852 1191 940 1231 causa
959 1179 1166 1243 couvenerant,
1180 1178 1335 1249 agerentur

259 1269 380 1345 gratiae
424 1268 499 1349 (Pro
514 1269 589 1329 Sest.
605 1267 642 1348 ἓξ
659 1275 725 1340 128,
743 1266 824 1348 129.)

321 1362 388 1444 (25)
405 1365 509 1426 Pridie
533 1367 634 1426 Nonas
657 1366 775 1424 Sextilis
796 1367 844 1424 lex
867 1366 905 1424 de
928 1366 1014 1424 nobis
1028 1364 1087 1423 lata
1101 1373 1154 1436 est,
1170 1364 1332 1442 eodemque

257 1461 307 1521 die
321 1461 510 1540 Dyrrhachio
532 1485 597 1522 sum
620 1465 787 1542 profectur3
809 1463 1004 1522 Brundisium
1019 1463 1085 1522 veui
1108 1461 1204 1520 Nouis
1217 1461 1334 1520 Sextili·

255 1557 320 1618 bus.
356 1559 437 1620 Ante
451 1561 531 1620 diem
546 1561 600 1620 VI.
616 1562 688 1620 idus
702 1561 823 1620 Sextilis
834 1561 971 1639 cognovi,
982 1580 1047 1619 cum
1061 1559 1214 1618 Brundisii
1228 1579 1331 1632 essem,

256 1654 363 1714 litteris
386 1656 499 1730 Quinti,
514 1658 638 1718 mirifico
661 1658 760 1717 studio
783 1659 916 1716 omnium
939 1665 1068 1716 aetatum
1083 1666 1171 1735 atque
1186 1657 1331 1730 ordinum,

255 1753 424 1813 incredibili
438 1775 581 1815 concursu
597 1756 697 1814 Italiae
719 1756 814 1834 legem
837 1757 966 1814 comitiis
979 1755 1152 1814 centuriatis
1166 1774 1229 1812 esse
1242 1754 1334 1832 perla-

255 1855 326 1909 tam
370 1850 444 1910 Inde
465 1872 484 1910 a
505 1852 694 1912 Brundisinis
717 1852 932 1911 honestissimis
953 1860 1072 1910 ornatus
1093 1853 1149 1909 iter
1162 1852 1206 1909 ita
1218 1851 1283 1924 leci,
1298 1860 1332 1910 ut

255 1948 389 2026 undique
403 1949 441 2007 ad
455 1969 502 2008 me
517 1969 585 2008 cum
598 1951 794 2028 gratulatione
808 1950 902 2029 legati
922 1951 1119 2008 convenerint
1160 1948 1212 2008 Ad
1226 1949 1328 2008 urbem

254 2045 298 2102 ita
311 2046 387 2118 veni,
402 2058 436 2104 ut
450 2066 537 2104 nemo
551 2046 639 2104 ullius
660 2047 771 2105 ordinis
792 2047 883 2106 homo
904 2047 1111 2105 nomenclatori
1129 2054 1215 2104 notus
1229 2047 1327 2119 fuerit,

256 2140 308 2217 qui
330 2140 405 2198 mihi
428 2141 545 2201 obviarn
568 2161 626 2201 uon
648 2144 769 2216 venerit,
792 2152 910 2222 praeter
932 2163 982 2202 eos
1004 2144 1147 2215 inimicos,
1170 2144 1275 2222 quibus
1296 2145 1328 2202 id

253 2238 352 2316 ipsum
366 2257 426 2296 uon
440 2238 543 2297 liceret
556 2255 605 2298 aur
621 2240 803 2297 dissimulare
819 2246 870 2297 aut
884 2258 999 2318 negare.
1042 2240 1117 2298 Cum
1131 2240 1274 2297 venissem
1289 2240 1327 2298 ad

253 2341 370 2412 portam
393 2333 552 2415 Capenam,
567 2337 676 2416 gradus
698 2335 876 2415 templorum
900 2336 937 2394 ab
958 2336 1058 2394 infima
1078 2335 1163 2415 plebe
1187 2336 1326 2415 completi

254 2441 345 2503 erant,
361 2451 379 2489 a
393 2450 451 2509 qua
464 2431 569 2510 plausu
583 2434 711 2491 maximo
727 2453 792 2492 curn
805 2441 883 2492 esset
895 2433 969 2491 mibi
984 2433 1140 2512 gratulatio
1155 2433 1326 2512 significata,

176 2595 178 2600 ¹
255 2527 359 2586 similis
370 2535 399 2586 et
409 2528 576 2608 frequentia
585 2539 616 2589 et
626 2531 744 2609 plausus
755 2551 802 2588 me
816 2551 910 2609 usque
922 2531 960 2589 ad
970 2531 1148 2609 Capitolium
1164 2530 1328 2602 celebravit,

253 2625 286 2683 in
299 2625 422 2704 foroque
434 2633 464 2684 et
474 2627 504 2684 in
516 2627 582 2706 ipso
594 2627 742 2706 Capitolio
753 2628 888 2686 miranda
902 2627 1060 2686 multitudo
1074 2629 1141 2687 fuit
1179 2627 1327 2686 Postridie

253 2721 284 2779 in
298 2730 411 2792 senatu,
428 2723 478 2800 qui
491 2722 552 2781 fuit
566 2723 629 2781 dies
652 2724 804 2782 Nonarum
820 2723 995 2803 septembr,
1011 2726 1124 2784 senatui
1138 2726 1248 2803 gratias
1269 2726 1330 2803 egi-

254 2837 329 2878 mus.
374 2817 481 2900 (Epist
497 2821 536 2878 ad
550 2819 641 2879 Attic.
658 2827 685 2894 4,
703 2828 729 2893 1,
745 2827 772 2893 4,
789 2830 819 2880 et
833 2819 876 2901 5.)

573 2931 693 3000 [Bellum
704 2935 1015 3004 damnamur]

250 3113 438 3159 Bzarmroa
454 3115 656 3163 saturano
671 3118 780 3162 MR
796 3118 978 3161 Anam&
1006 3084 1173 3170 [Ermum]

702 3221 768 3280 Mea
782 3220 954 3280 Corneliala

702 3318 768 3376 Mea
782 3319 849 3376 vita

701 3415 768 3472 Mea
781 3415 839 3474 lux.

701 3512 800 3571 Meum
815 3513 962 3572 delicium.

701 3609 800 3668 Meum
814 3611 955 3668 suavium.

700 3706 759 3764 Mel
773 3726 880 3765 mcum

699 3802 766 3860 Mea
779 3803 900 3880 volupta
913 3805 999 3861 unica
1013 3803 1200 3884 [singularisl

699 3898 798 3956 Meum
813 3899 971 3959 corculum.
1195 3926 1197 3930 ·

699 3994 766 4054 Mea
776 4016 854 4074 spes

698 4092 798 4150 Meum
811 4093 956 4152 solatium

601 4237 604 4240 .
659 4241 662 4246 .
685 4249 686 4253 ,
698 4190 797 4248 Meum
812 4190 911 4248 decus
