3334 5109
720 406 907 458 LATINE.
1323 406 1346 460 3

337 578 363 629 5.
386 571 465 651 Lege
480 573 612 631 Caesaris
626 574 788 632 iustissima
802 551 888 653 atque
902 576 1015 653 optima
1035 575 1138 653 populi
1159 575 1243 633 liberi
1261 575 1347 653 plane

276 676 306 725 et
321 688 386 727 vere
400 668 494 730 liberi.
541 669 583 749 (in
599 671 699 729 Pison.
716 669 734 749 ξ
751 671 813 749 37.)

337 770 363 824 6.
386 765 450 844 Ego
465 766 498 825 C.
514 766 667 825 Caesarem
689 787 747 825 non
770 768 873 825 eadem
890 768 926 825 de
947 788 978 826 re
999 768 1117 846 publica
1136 768 1259 826 sensisse
1274 786 1348 844 quae

276 882 322 921 me
338 864 414 937 sci03
435 865 487 922 sed
501 872 599 923 tamen
614 884 660 921 me
676 864 724 922 ille
739 866 784 922 sui
798 866 890 922 totius
901 865 1070 923 consulatus
1083 884 1242 942 eorumque
1257 864 1348 922 hono

275 979 349 1032 rum,
366 979 439 1045 quos
454 980 520 1019 cum
535 962 679 1039 proximis
693 962 929 1033 communicavit,
944 963 1055 1020 socium
1071 953 1134 1020 esse
1148 962 1249 1033 voluit,
1264 961 1349 1018 detu-
1451 1003 1454 1007 -

276 1057 318 1128 lit,
333 1058 477 1131 invitavit,
493 1059 615 1135 rogavit.
660 1058 703 1138 (in
720 1059 820 1118 Pison.
837 1056 855 1137 ξ
872 1057 931 1136 79.)

337 1153 363 1212 7.
386 1154 419 1213 C.
436 1154 544 1213 Caesar
564 1156 665 1213 consul
687 1157 719 1213 id
741 1155 904 1234 publicanis
924 1175 978 1233 per
997 1156 1138 1234 populum
1160 1155 1251 1227 dedit,
1267 1156 1347 1233 quod

276 1270 329 1329 per
342 1258 475 1311 senatum
490 1253 515 1310 si
529 1252 668 1324 licuisset,
685 1253 822 1311 dedisset.
866 1253 935 1330 (pro
950 1253 1071 1311 Plancio
1085 1252 1103 1331 ὅ
1119 1251 1181 1331 35.)

337 1354 363 1425 8.
387 1346 519 1407 Caesaris
533 1349 625 1427 leges.
635 1350 739 1407 iubent
760 1352 797 1422 ei,
814 1351 916 1428 quide
931 1352 969 1422 vi,
984 1351 1115 1428 itemque
1136 1352 1172 1422 ei,
1188 1350 1237 1427 qui
1259 1350 1348 1407 maie

276 1446 359 1503 statis
373 1445 529 1503 damnatus
543 1447 590 1519 sit,
606 1466 682 1524 aqua
696 1453 727 1504 et
740 1446 803 1523 igni
817 1446 963 1504 interdici.
1009 1446 1153 1524 (Philipp.
1171 1453 1185 1502 1
1202 1444 1220 1525 ξ
1236 1443 1297 1524 23.)

480 1565 482 1569 ¹
593 1572 713 1641 [Reliqua
724 1574 832 1639 deinceps
840 1574 1032 1641 perseqraemar]

275 1785 313 1829 Μ,
335 1785 523 1829 ANTONIUS.

338 1911 364 1963 l.
387 1905 426 1964 M.
442 1905 591 1963 Antonius
606 1924 750 1962 summam
765 1925 847 1984 spem
862 1905 963 1963 salutis
983 1906 1070 1963 bonis
1091 1904 1227 1962 omnibus
1247 1904 1347 1963 attulit

278 2000 359 2080 (eum
373 2001 407 2079 P.
423 2000 562 2059 Clodium
577 2000 741 2059 interficere
755 2001 906 2082 tentaret).
951 2000 1018 2080 (pro
1033 2001 1095 2059 Mil.
1111 1999 1129 2079 ξ
1144 2000 1206 2079 40.)

337 2104 363 2156 2.
386 2097 461 2157 Post
480 2117 611 2177 pugnam
632 2096 830 2155 Pharsalicam
853 2100 889 2155 ad
911 2118 959 2157 me
975 2096 1007 2177 (i.
1023 2118 1047 2157 e.
1063 2096 1250 2175 Ciceronem)
1265 2096 1347 2155 misit

275 2196 424 2253 Antonius
441 2195 609 2273 exemplum
623 2194 757 2253 Caesaris
771 2195 809 2253 ad
824 2215 854 2253 se
875 2195 1049 2267 litterarum,
1064 2195 1095 2252 in
1111 2195 1216 2273 quibus
1230 2202 1300 2267 erat,
1315 2214 1347 2252 se

275 2293 390 2351 audisse
412 2292 555 2351 Catonem
577 2300 608 2351 et
628 2292 662 2353 L.
679 2292 830 2350 Metellum
851 2293 882 2350 in
903 2292 1021 2350 Italiam
1043 2292 1165 2364 venisse,
1179 2291 1292 2351 Romae
1313 2300 1347 2351 ut

275 2398 371 2447 essent
391 2390 507 2468 palam3
529 2390 561 2447 id
583 2389 640 2447 sibi
663 2410 723 2447 non
745 2389 869 2467 placere,
885 2390 987 2466 nequi
1009 2395 1107 2446 motus
1128 2408 1164 2447 ex
1178 2407 1213 2447 eo
1234 2388 1345 2462 fierent,

274 2485 483 2564 prohiberique
497 2487 593 2543 omnis
608 2486 701 2559 Italia,
716 2487 774 2544 nisi
789 2505 911 2564 quorum
934 2486 996 2563 ipse
1010 2505 1127 2544 causam
1142 2486 1345 2563 cognovisset3

275 2584 369 2661 deque
384 2603 419 2642 eo
436 2582 637 2642 vehementius
652 2590 714 2641 erat
728 2583 878 2659 scriptum.
920 2580 1020 2660 itaque
1032 2582 1182 2639 Antonius
1195 2581 1315 2659 petebat
1328 2601 1346 2639 a

276 2700 321 2738 me
335 2701 388 2760 per
401 2681 523 2753 litteras,
539 2688 572 2738 ut
585 2681 641 2738 sibi
662 2681 861 2758 ignoscerem:
883 2679 976 2737 facere
990 2700 1021 2737 se
1042 2700 1100 2737 non
1116 2698 1202 2757 posse
1217 2679 1288 2756 quin
1308 2678 1346 2735 iis

275 2777 380 2836 litteris
393 2786 518 2856 pareret
560 2784 624 2835 tum
639 2777 758 2835 adeum
780 2778 849 2835 misi
864 2776 895 2834 L
911 2776 1050 2847 Lamiam,
1067 2777 1117 2854 qui
1131 2776 1346 2833 demonstraret

275 2874 356 2933 illum
371 2874 543 2933 Dolabellae
557 2874 676 2947 dixisse,
692 2882 726 2932 ut
747 2876 784 2933 ad
805 2894 853 2932 me
868 2874 1015 2946 scriberet,
1030 2881 1063 2930 ut
1083 2874 1113 2930 in
1129 2872 1244 2930 Italiam
1258 2892 1345 2950 quam

274 2974 401 3051 primum
415 2974 560 3046 venirem,
583 2973 644 3031 eius
664 2992 712 3030 me
733 2972 842 3030 litteris
861 2972 982 3029 venisse.
1024 2978 1088 3028 tum
1110 2970 1158 3028 ille
1179 2970 1274 3028 edixit
1295 2972 1343 3041 ita,

274 3077 308 3127 ut
328 3089 376 3127 me
398 3070 547 3148 exciperet
568 3077 599 3128 et
622 3068 753 3127 Laelium
775 3070 956 3127 nominatim.
1001 3068 1099 3148 (epist.
1122 3068 1160 3125 ad
1180 3067 1274 3125 Attio.
1297 3072 1343 3138 ll,

277 3165 360 3244 rr.)

336 3270 362 3321 3.
385 3263 460 3322 Post
473 3263 627 3321 victoriam
643 3262 842 3321 Pharsalicam
856 3262 1004 3321 Antonius
1017 3262 1050 3321 L.
1060 3261 1234 3333 Domitium,
1249 3260 1345 3319 claris

275 3360 381 3417 simum
402 3367 433 3419 et
452 3360 667 3418 nobilissimum
682 3360 786 3433 virum,
803 3359 920 3431 occidit,
935 3359 1101 3436 multosque
1122 3365 1278 3435 praeterea,
1294 3358 1344 3435 qni

276 3476 292 3514 e
306 3456 417 3535 proelio
439 3458 611 3535 effugerant,
628 3476 702 3535 quos
715 3456 831 3529 Caesar,
847 3464 953 3514 utnon
974 3456 1079 3528 nullos,
1094 3455 1216 3513 fortasse
1237 3474 1345 3513 servas·

275 3560 328 3629 set,
343 3554 543 3613 crudelissime
556 3561 725 3633 persecutus
740 3554 907 3613 trucidavit.
951 3551 1095 3633 (Philipp.
1111 3558 1128 3609 2
1144 3550 1162 3631 ἓ
1178 3550 1239 3632 71.)

335 3655 362 3709 4.
384 3650 473 3709 Vidit
485 3651 613 3730 populus
627 3650 777 3709 Romanus
792 3650 1002 3729 Lupercalibus
1016 3670 1103 3729 quam
1124 3649 1255 3708 abiectus
1271 3650 1345 3727 (An-

275 3745 398 3827 tonius),
415 3768 503 3826 quam
525 3748 679 3807 confectus
701 3755 787 3821 esset,
806 3768 874 3806 cum
894 3749 1011 3807 Caesari
1032 3748 1168 3805 diadema
1188 3748 1344 3826 imponens

275 3864 389 3901 servum
411 3864 442 3903 se
464 3844 543 3903 illius
566 3864 654 3923 quam
677 3845 830 3924 conlegam
854 3865 915 3903 esse
936 3844 1081 3917 malebat,
1107 3845 1157 3922 qui
1179 3844 1204 3902 si
1223 3843 1345 3921 reliquis

275 3940 394 4019 flagitiis
418 3948 449 4001 et
469 3942 625 4001 sceleribus
649 3943 798 4002 abstinere
819 3943 972 4022 potuisset,
995 3949 1093 4000 tamen
1114 3961 1206 3999 uuum
1226 3941 1266 3999 ob
1286 3941 1344 4000 hoc

195 4099 197 4103 ,
274 4038 383 4097 factum
397 4040 521 4119 dignum
535 4040 618 4099 illum
632 4041 715 4098 omni
735 4026 833 4120 poena
846 4048 988 4120 putarem
1030 4041 1138 4122 namsi
1159 4042 1221 4120 ipae
1236 4040 1343 4098 seruire

274 4142 398 4213 poterat,
411 4136 497 4195 nobis
511 4137 665 4205 dominum
679 4156 731 4222 cur
744 4137 934 4221 imponebat(
976 4137 1121 4218 (Philipp.
1135 4144 1172 4195 13
1187 4135 1204 4216 ὅ
1221 4135 1281 4215 17.)
1386 4203 1389 4207 Χ

592 4264 712 4333 [th
722 4266 1029 4333 damnem]
