3334 5109
725 425 914 479 LATlNE.
1283 423 1357 476 159

278 592 384 651 vallum
400 593 528 672 projecit
541 595 686 652 cornibus
731 571 1039 671 Magnis'clamoribus
1052 592 1198 650 theatrum
1214 593 1355 650 resonuit.

279 690 360 748 Haec
375 709 421 749 res
434 691 476 748 ita
491 692 595 749 terruit
609 691 775 749 matadores
796 699 830 748 ut
846 692 878 748 in
898 709 1012 749 arenam
1027 709 1086 747 non
1100 696 1286 755 reverterent,
1301 689 1353 746 sed

278 807 309 846 se
328 788 457 846 celarent
479 797 549 866 post
570 788 686 846 vallum.
729 787 778 844 Sic
801 787 852 845 ille
875 795 977 845 taurus
1000 788 1094 845 victor
1117 785 1196 844 exiit
1238 784 1357 842 Primus

278 885 396 963 sanguis
409 892 494 942 tauro
505 886 512 943 1

337 980 414 1039 Tum
428 981 551 1038 intravit
565 999 669 1053 macer,
685 981 766 1038 mitis
779 988 888 1040 taurus
932 981 1048 1039 Nullam
1063 981 1123 1038 vim
1134 978 1248 1038 habuit
1284 979 1353 1036 Non

278 1076 369 1135 voluit
383 1095 531 1155 pugnare3
553 1077 653 1156 potius
676 1077 780 1135 maluit
802 1096 925 1156 gramen
950 1077 1044 1136 edere.
1087 1076 1173 1133 Nune
1187 1075 1355 1157 matadorea

277 1174 433 1232 fortissimi
446 1181 538 1234 eraut.
582 1175 671 1232 Hunc
685 1174 823 1233 timidum
838 1175 902 1232 ausi
916 1182 985 1233 sunt
998 1173 1115 1252 pellere,
1131 1176 1161 1231 et
1174 1173 1267 1230 hastis
1280 1190 1357 1249 pun-

276 1289 362 1348 gere;
384 1269 438 1329 sed
450 1270 525 1348 jussi
539 1279 609 1330 aunt
622 1271 762 1330 desistere
776 1291 794 1329 a
807 1271 1032 1350 spectatoribus.

337 1367 427 1426 Pueri
441 1368 498 1427 hoo
513 1369 605 1428 tacere
620 1377 745 1446 possunt
758 1369 824 1447 ipsi.
860 1367 1021 1428 Vulnerare
1034 1368 1105 1425 talia
1118 1367 1254 1424 animalia
1267 1366 1354 1424 facile

277 1474 329 1524 est
371 1465 507 1544 Pugnam
533 1466 635 1524 volunt
659 1467 766 1525 videre.
811 1466 948 1523 Primum
965 1473 1080 1524 taurum
1105 1464 1195 1542 igitur
1218 1471 1353 1542 poscunt.-

277 1555 387 1620 Iterum
406 1562 498 1620 intrat
519 1563 570 1622 ille
587 1571 687 1621 taurus
705 1565 797 1634 ferox,
813 1570 923 1620 exeunt
936 1563 1081 1640 perterriti
1096 1568 1273 1640 pugnatores
1289 1581 1357 1638 pas·

276 1659 349 1718 siml
391 1659 504 1718 Taurus
526 1667 571 1718 est
590 1660 736 1737 magister.
781 1660 949 1717 llatadores
970 1659 1147 1737 confugiunt
1160 1659 1191 1715 in
1206 1658 1351 1729 tabernas,

275 1757 359 1834 pueri
380 1764 550 1835 sequuntur,
566 1764 597 1814 et
617 1757 807 1834 magistratus
828 1755 964 1814 celeriter
982 1756 1125 1813 festinant
1138 1763 1173 1813 ut
1185 1754 1354 1834 hospitibus

275 1854 450 1913 ministrent
494 1853 564 1912 Mox
579 1873 682 1912 omnes
696 1853 860 1925 temulenti,
877 1854 960 1931 pueri
974 1852 1156 1931 puellaeque,
1173 1852 1356 1910 bacchantur

276 1958 307 2009 ct
318 1951 397 2010 inter
410 1971 442 2009 se
456 1958 592 2029 pugnant
605 1969 697 2028 usque
712 1950 749 2008 ad
763 1969 858 2008 mane.
1086 2030 1088 2033 Ι
1244 1945 1253 1961 ’

336 2047 423 2106 Hanc
433 2067 497 2107 esse
505 2067 603 2106 veram
615 2047 744 2106 fabulam
759 2048 846 2105 multi
857 2047 1018 2106 Kansensis
1028 2046 1129 2119 Urbis,
1138 2054 1168 2105 et
1177 2046 1353 2131 Laurentiae

276 2143 413 2218 editores,
429 2146 480 2223 qui
493 2165 624 2223 pugnam
638 2137 785 2217 viderunt,
800 2144 993 2203 testabuntur.

278 2333 410 2379 mmo.
438 2333 526 2387 [Pars
538 2331 663 2386 quintal

338 2435 417 2517 (13.)
443 2435 518 2518 [690
531 2459 564 2490 =
578 2435 631 2517 64]
657 2437 705 2495 Me
727 2446 834 2496 cuncta
855 2438 949 2509 Italis,
969 2457 1017 2496 me
1037 2457 1139 2496 omnes
1159 2437 1286 2507 ordines,
1300 2455 1350 2494 me

276 2535 410 2593 universa
424 2535 528 2593 civitas
548 2553 609 2593 non
630 2537 711 2613 prius
732 2535 842 2594 tabella
863 2555 950 2614 quam
973 2538 1043 2593 voce
1057 2536 1185 2612 priorem
1200 2533 1350 2592 consulem

276 2631 441 2691 declaravit
487 2631 531 2712 (in
555 2631 766 2712 Pison.1§3.
810 2633 855 2691 Oi
870 2653 926 2711 pro
942 2633 1015 2691 Mur.
1032 2631 1049 2712 ᾗ
1067 2632 1103 2689 17
1114 2650 1122 2690 :
1145 2631 1220 2689 Mihi
1234 2631 1293 2709 ipsi
1306 2649 1356 2688 ao-

276 2727 358 2800 cidit,
372 2735 408 2787 ut
420 2748 487 2788 cum
510 2729 626 2788 duobus
647 2731 787 2808 patriciis,
803 2730 897 2789 altero
917 2729 1137 2808 improbissimo
1158 2736 1246 2806 atque
1266 2726 1356 2785 auda·

276 2825 403 2898 sissimo,
418 2825 510 2884 altaro
519 2826 742 2885 modestissimo
758 2834 847 2905 atque
862 2828 976 2905 optimo
991 2828 1061 2898 viro,
1077 2833 1205 2904 peterem
1220 2824 1355 2884 consula·

275 2928 356 2996 tum3
378 2922 513 3002 superavi
527 2931 626 2981 tamen
641 2925 788 3002 dignitate
802 2925 971 2997 Catilinam,
986 2925 1080 3003 gratia
1092 2922 1242 3004 Galbam.)

338 3017 406 3100 (14)
429 3018 618 3102 [691=oa]
641 3021 706 3100 Ego
727 3022 842 3099 qualem
866 3021 1009 3080 Kalendis
1030 3020 1171 3080 Ianuarius
1192 3023 1351 3099 acceperim

276 3121 339 3174 rem
360 3115 690 3198 publicam,·intellego:
712 3119 830 3196 plenam
852 3119 1067 3191 sollicitudinis,
1082 3119 1198 3197 plenam
1219 3119 1354 3191 timoris3

276 3213 382 3291 inqua
394 3213 469 3272 nihil
488 3222 551 3273 erat
571 3216 651 3286 mali,
666 3215 739 3273 nihil
763 3215 887 3288 adversi,
904 3216 985 3293 quod
1004 3235 1062 3274 non
1084 3214 1156 3273 boui
1177 3223 1351 3284 metuerent,

278 3309 404 3388 improbi
418 3320 639 3390 exspectarent:
662 3313 762 3370 omnia
782 3311 955 3371 turbulenta
967 3313 1090 3371 consilia
1103 3320 1204 3370 contra
1217 3312 1295 3370 hunc
1308 3313 1353 3370 rei

276 3405 411 3485 publicae
433 3415 544 3466 statum
568 3418 599 3468 et
623 3418 725 3468 eontra
749 3418 879 3468 vestrum
905 3411 998 3469 otium
1019 3410 1126 3488 partim
1146 3411 1222 3482 iniri,
1244 3412 1350 3489 partim

277 3503 365 3590 nobis
377 3504 547 3564 consulibus
569 3506 732 3586 designatis
754 3508 830 3566 inita
852 3526 915 3565 esse
935 3507 1113 3567 dicebantur.
1155 3507 1277 3565 Sublata
1290 3515 1353 3566 erat

277 3600 402 3660 defore
423 3600 507 3674 lides,
523 3622 582 3661 nou
606 3605 668 3663 ictu
689 3605 789 3683 aliquo
808 3624 903 3663 novae
917 3605 1098 3677 calami-tatis,
1113 3605 1166 3663 sed
1186 3605 1356 3684 suspicione

277 3717 311 3756 ac
331 3695 556 3777 'perturbatione
580 3701 776 3775 iudiciorum3
810 3702 1040 3761 extraordinaria
1060 3721 1122 3760 non
1142 3701 1273 3780 imperia,
1299 3704 1352 3761 sed

276 3815 368 3875 regna
381 3796 482 3875 quaeri
504 3797 689 3876 putabantur.
733 3798 815 3867 Quae
838 3819 905 3857 eum
929 3819 985 3878 ego
998 3819 1057 3857 non
1073 3799 1168 3858 solum
1182 3798 1354 3877 suspicarer,

277 3893 331 3952 sed
347 3892 435 3971 plane
449 3899 736 3972 cernerem-neque
752 3895 830 3954 enim
853 3895 977 3954 obscure
989 3896 1166 3976 gerebantur
1177 3933 1227 3970 -,
1241 3897 1305 3955 dixi
1319 3897 1351 3955 in
1390 3949 1393 3957 .

277 3997 389 4064 senatu,
413 3991 445 4049 in
476 3991 532 4050 hoo
556 3993 740 4070 magistratu·
754 4012 802 4051 me
816 3993 999 4072 'popularem
1028 3993 1176 4052 consulem
1207 3994 1354 4054 futurum.

276 4084 357 4155 Quid
371 4088 451 4147 enim
464 4096 583 4147 cattam
597 4090 739 4169 populare
754 4110 843 4168 quam
857 4092 935 4168 paxl
956 4110 1014 4170 qua
1023 4111 1081 4150 non
1094 4091 1184 4150 modo'
1194 4092 1231 4164 ei,
1243 4093 1352 4171 quibus

276 4190 382 4243 natura
393 4203 511 4244 sensum
526 4186 618 4260 dedit,
629 4188 682 4246 sed
694 4188 784 4246 etiam
793 4195 875 4246 tecta
884 4200 972 4267 atque
983 4190 1044 4269 agri
1056 4189 1127 4247 mihi
1140 4188 1240 4248 laetari
1252 4191 1356 4248 videns

277 4268 334 4342 tun
356 4283 500 4362 quid'tam
512 4284 654 4363 populare
668 4285 906 4362 quamlibertast
921 4287 1247 4364 ‘quam'no'nsolum'ab
1258 4287 1357 4346 homi·-
