3334 5109
688 371 877 422 LATINE.
1267 369 1317 422 99

292 537 327 586 Α.
346 537 497 587 Gmrissime
509 553 575 587 sene.
611 538 729 586 Chremes
742 539 795 600 ipse
812 533 935 600 pr'ecetur,
947 544 975 585 ut
987 537 1085 585 veniam
1101 537 1152 584 filio
1168 537 1217 584 det.
1253 537 1318 584 Dicit

243 619 345 682 paulum
356 621 472 682 supplicii
484 621 545 669 satis
558 622 622 682 petri
634 636 679 682 pro
690 635 782 684 magno
793 625 904 683 peccato.
934 619 998 666 Dum
1010 619 1151 679 loquuntur,
1163 618 1230 666 Crito
1241 619 1317 666 venit.

243 703 322 760 Quem
341 703 407 752 Simo
426 710 505 767 roget,
529 704 701 766 Glyceriumne
719 705 780 752 civis
800 705 833 751 sit
851 705 948 751 necne?
991 703 1144 764 Respondet,
1164 703 1269 750 remita
1290 715 1318 749 se

242 783 341 832 hahere.
376 786 490 833 Atticum
506 786 630 846 quendem
642 785 701 833 olim
713 786 865 848 naufragum
876 785 907 832 ed
919 785 1032 832 Andrum
1044 785 1151 846 ejectum
1168 799 1224 832 cum
1241 798 1318 845 parva

243 867 346 930 virgine,
363 881 439 928 quem
462 874 557 930 patrem
576 867 703 929 Chrysidis
724 869 851 916 inventam
868 867 965 915 eluisse.
1001 866 1093 915 Multos
1110 867 1170 914 alios
1187 867 1214 913 in
1232 866 1319 913 Andro

243 946 305 995 haec
316 949 469 1010 cognovisse.

293 1029 323 1078 B.
342 1029 458 1078 creditne
469 1030 494 1079 ei
506 1029 593 1078 Simo?

294 1112 328 1159 A.
347 1111 404 1160 Non
415 1117 500 1173 potest
510 1113 593 1161 iecere
605 1113 665 1173 quin
677 1127 750 1161 sures
767 1112 826 1160 huic
842 1117 895 1160 tem
912 1112 1008 1176 integro
1018 1113 1076 1160 testi
1089 1113 1211 1174 praebeat
1246 1112 1318 1160 Chre-

243 1207 296 1241 mes
316 1208 407 1242 nomen
424 1194 539 1258 nammgi
557 1195 642 1242 stetim
660 1201 739 1257 roget,
760 1200 792 1256 et,
814 1194 862 1242 hoc
878 1195 971 1256 audito,
992 1209 1052 1242 num
1070 1195 1140 1257 virgo
1157 1195 1212 1255 ejus
1234 1194 1317 1242 fuerit

245 1274 313 1323 Crito
331 1275 472 1337 respondet,
484 1276 550 1324 hunc
568 1276 649 1324 dicere
667 1292 722 1324 eum
742 1277 828 1324 fratris
846 1276 929 1325 liliam.
965 1277 1081 1324 Chremes
1095 1276 1222 1337 exclamet,
1237 1275 1319 1337 Glyce-

245 1357 309 1404 n'um
320 1362 387 1406 certe
398 1372 469 1406 susm
487 1357 562 1408 filiam
579 1373 640 1408 esse.
676 1359 707 1408 Se
724 1359 750 1406 in
767 1358 860 1408 bellum
877 1359 1073 1420 proficiscentem
1084 1358 1160 1406 filiam
1172 1359 1244 1406 fratri
1255 1373 1320 1406 com·

244 1438 381 1500 mendasse,
395 1454 469 1500 quem
480 1441 618 1504 fugientem
635 1441 758 1489 infantem
775 1455 826 1488 non
843 1440 979 1500 relinquere
997 1455 1091 1488 susum
1126 1439 1198 1488 h'unc
1212 1441 1319 1502 primum

245 1521 308 1569 scire
319 1521 379 1582 quid
391 1522 504 1570 ambolus
516 1523 611 1570 iactum
623 1523 663 1571 sit.

293 1602 324 1651 B.
343 1603 389 1665 Its,
403 1604 483 1665 credo,
496 1605 575 1652 nodus
593 1604 704 1654 solvitur.
740 1605 886 1667 Pamphilus
903 1605 968 1666 petri
983 1605 1098 1653 oboedire
1116 1611 1142 1653 et
1158 1605 1206 1653 sibi
1224 1605 1320 1668 placere

245 1691 336 1748 potest,
348 1700 405 1734 cum
417 1685 494 1734 filium
505 1686 624 1749 Chremis,
636 1687 688 1748 jem
701 1687 795 1735 dudum
806 1687 854 1734 sibi
865 1687 988 1748 dilectem,
1001 1688 1082 1736 ducet.

295 1769 329 1816 A.
349 1767 440 1816 Omnes
458 1768 573 1831 gaudent,
589 1767 664 1830 Simo,
683 1768 809 1829 Chremes,
822 1768 973 1830 Pamphilus,
987 1769 1115 1818 Charinus.
1149 1769 1226 1829 Davo,
1238 1769 1320 1815 rincu-

246 1849 276 1898 hs
293 1850 405 1912 liberato,
418 1851 545 1914 negotium
556 1851 640 1911 detur,
651 1857 680 1898 ut
692 1850 831 1912 Glycerium
843 1851 875 1898 ed
886 1851 978 1898 amicos
989 1852 1118 1899 conducet
1152 1851 1223 1907 Quod
1236 1855 1320 1910 restet,

245 1933 312 1980 intus
324 1933 476 1996 transigitur.
511 1933 527 1958 “
535 1933 614 1995 Nunc,
627 1933 803 1995 spectatores,’‘
816 1933 853 1980 eit
863 1939 949 1981 centor
959 1933 1069 1994 ultimus,
1083 1934 1097 1958 “
1106 1933 1237 1995 phudite.'’

1171 2032 1198 2080 E.
1212 2032 1242 2080 H.
1257 2032 1285 2080 R.

248 2146 349 2188 “ART
366 2145 462 2189 THOU
477 2145 656 2190 WEARY?”

577 2250 646 2298 lune
657 2250 749 2312 fessus,
762 2256 823 2299 tune
835 2265 937 2312 pressus

611 2333 676 2380 Cure
687 2339 740 2380 stes
752 2334 846 2382 edscel

578 2416 641 2463 “Ad
654 2415 694 2464 lle
705 2417 770 2478 veni,
783 2417 868 2477 sisque
879 2417 928 2465 leni
936 2417 951 2441 ’'

610 2499 656 2547 Est
669 2498 716 2556 Qui
728 2499 792 2546 dixit
804 2499 819 2524 “
826 2500 913 2562 pece.”

578 2637 696 2700 “Ecquid
708 2638 784 2686 hehet
797 2637 852 2699 Hic,
864 2652 914 2697 quo
925 2638 1003 2686 stebit

611 2720 687 2784 Signo
698 2720 756 2768 Dux
767 2726 870 2768 notetus
878 2722 889 2768 ἲ
897 2720 912 2744 ”

578 2803 642 2852 Vide
653 2802 728 2864 lsesu,
740 2802 867 2863 quondum
878 2815 958 2864 ceese,

611 2885 708 2947 Munus,
720 2887 805 2948 pedeS,
817 2885 891 2934 latus.

579 3023 593 3047 ‘¹
602 3023 699 3071 Huicne
710 3023 769 3086 tegi,
781 3028 902 3083 tanquam
913 3022 973 3085 regi,

612 3105 694 3153 Gestit
706 3119 767 3152 euro
779 3104 854 3152 crinis
862 3107 874 3152 l
882 3105 897 3128 '‘

578 3187 664 3234 Fronti
677 3188 743 3234 hone
754 3192 805 3234 stet
818 3201 916 3246 corone,

613 3269 692 3317 Teuta
703 3274 788 3316 tamen
800 3268 886 3330 spinis.

580 3401 595 3424 ¹¹
603 3401 736 3462 Agnituro,
748 3405 866 3448 secuturo

614 3482 674 3540 Quis
686 3483 712 3530 in
723 3488 791 3530 terre
802 3483 918 3530 fructus?
927 3482 942 3506 ”

580 3564 619 3612 En
630 3564 736 3627 labores,
748 3579 780 3613 en
791 3564 889 3613 dolores

614 3646 735 3708 Oculique
747 3645 847 3696 fluctus.

581 3778 652 3826 “Per
662 3783 702 3827 tot
714 3778 813 3826 demum
825 3779 886 3838 quid
897 3792 1041 3840 supremum

614 3858 749 3908 Serveturo
761 3874 863 3908 mmmm
871 3863 882 3910 *ἓ
890 3860 905 3884 ”

581 3941 627 3989 Vis
638 3942 749 4003 victoris,
760 3957 811 4004 pax
823 3941 922 4004 doloris,

613 4023 663 4071 Via
674 4038 718 4086 per
730 4024 877 4073 Jordenum.

582 4156 597 4180 ‘⁴
606 4155 652 4204 Die
663 4171 703 4218 en,
715 4170 783 4204 orem
796 4155 818 4204 si
829 4156 950 4217 favorem,

615 4238 721 4300 Spemet
732 4252 797 4300 quse
807 4238 950 4301 petantur.”
