3334 5109
334 395 405 450 126
767 399 910 450 LATIN
916 399 954 452 E.

389 564 467 624 Illud
481 586 549 644 ergo
565 565 639 623 mihi
660 565 783 643 quisque
805 574 894 638 curet,
907 574 940 623 nt
961 583 1036 642 qnae
1051 564 1142 622 verba
1163 576 1202 622 ὅ.
1224 575 1367 616 numeros
1386 556 1419 612 in

326 662 443 721 saeculo
458 663 616 721 litterarum
632 679 720 720 aureo
735 663 892 740 scriptores
902 670 933 721 et
943 671 1074 720 oratores
1086 661 1192 720 Latini
1214 654 1324 734 optimi
1339 653 1422 710 dine·

327 766 404 830 runt,
417 779 451 818 ea
465 779 536 818 voce
555 779 607 817 sna
621 777 709 836 quam
729 759 966 817 commodissime
980 760 1077 837 legere
1091 759 1229 817 tabum
1275 751 1322 808 Ne
1344 751 1418 827 quis,

326 853 353 910 si
375 853 520 932 elegantia
540 853 637 913 Latini
658 856 801 913 sermonis
821 855 931 934 perimi
952 856 1030 928 velit,
1046 856 1175 915 minor-Le
1204 867 1296 931 quam
1315 846 1420 904 deceat

327 948 405 1009 hanc
418 951 658 1010 consuetudinem
673 952 815 1024 aestimet,
831 971 905 1010 neve
920 971 978 1030 qua
997 954 1142 1031 temporis
1157 943 1331 1028 §inpendia
1343 943 1419 1000 tanti

326 1046 388 1104 sint
401 1049 473 1126 quin
487 1045 569 1104 firma
582 1045 707 1105 facilitas
728 1049 757 1105 in
779 1049 906 1127 legendo
927 1057 1053 1127 paretur.
1096 1043 1282 1130 Dinpmdia
1302 1059 1338 1098 ea
1358 1058 1419 1096 non

327 1152 469 1220 perennt3
491 1145 521 1201 in
535 1145 744 1222 compendium
764 1165 794 1204 ae
816 1154 1007 1221 convertunt3
1030 1165 1096 1205 cum
1119 1149 1256 1204 rmore
1270 1137 1421 1196 cumulata

326 1247 431 1317 postea
443 1241 573 1299 redeunt.
616 1239 750 1300 Facultas
764 1243 882 1320 legendi
897 1243 989 1301 multa
1003 1243 1168 1301 iteratione
1179 1237 1326 1322 γιήθθῖα
1339 1250 1421 1311 pm·

326 1338 421 1396 mium
435 1338 563 1417 amplum
578 1339 672 1398 effert

325 1545 407 1590 REX
420 1547 565 1659 ἵζω
589 1547 862 1659 θοοΐέοὶνιυεΐυε,
872 1549 973 1602 par-sl.
990 1537 1425 1601 [manamaitmestnn

457 1617 572 1669 uterus,
587 1616 641 1660 Pn.
680 1617 697 1669 .]

686 1719 749 1777 Rex
764 1719 875 1777 Thulae
891 1719 938 1796 pia
951 1737 1021 1776 cura

686 1815 810 1875 Coiebat
823 1834 951 1888 aureum,

686 1912 774 1982 Quod
788 1913 873 1970 dedit
886 1913 1029 1970 moritura

686 2011 800 2082 Amica,
816 2009 961 2088 poculum.

686 2175 749 2233 Nec
763 2173 840 2232 ultra
852 2173 980 2230 cariora!

686 2271 755 2329 Non
770 2269 868 2328 deficit
881 2269 983 2348 epulis,

686 2368 804 2427 Potoria
818 2367 942 2425 hument
955 2386 1007 2425 ora

684 2465 818 2524 Profusia
831 2464 967 2523 lacrimis.

684 2627 759 2686 Cum
774 2634 851 2685 esset
864 2627 1022 2684 moriturus

684 2723 842 2782 Carissimo
857 2723 997 2781 heredum
1074 2765 1079 2772 1

685 2820 788 2900 Regna
802 2820 902 2878 omnia
915 2820 1036 2878 daturus

684 2917 754 2976 Erat
768 2937 821 2976 nec
835 2918 981 2996 poculum.

684 3079 791 3139 Sedere
806 3090 837 3139 et
850 3099 953 3139 cenare

684 3177 722 3235 Et
736 3197 786 3235 rex
801 3184 830 3235 et
845 3178 957 3254 equites

685 3273 720 3331 In
735 3275 809 3332 atrio
824 3274 884 3332 alto
898 3275 937 3332 ad
951 3293 1030 3331 mare

684 3371 771 3430 Stant
784 3379 901 3450 patrum
915 3371 1067 3449 imagines

684 3523 759 3582 Tum
773 3531 861 3602 potor
872 3531 1004 3582 assuetus

684 3621 768 3681 Bibit
782 3621 901 3679 delicias

683 3718 858 3790 Postremae,
872 3725 961 3795 atque
975 3723 1058 3776 vetus

685 3814 721 3872 In
737 3815 828 3874 undas
841 3815 913 3892 jecit
925 3834 984 3872 ves.

683 3960 874 4039 Praecipitari
888 3960 972 4033 vidit,

685 4057 825 4136 immergi
839 4058 993 4136 poculum;

683 4154 823 4213 Potorem
838 4174 917 4212 mors
931 4153 1040 4212 cecidit

682 4250 767 4310 Bibit
780 4259 842 4309 tum
858 4251 1002 4309 ultimum.
