3334 5109
679 399 824 450 LATIN
831 399 868 448 E.

392 551 396 555 ’
436 549 515 618 Quid
531 551 622 621 Musa,
638 551 751 608 cessast
772 569 895 608 munera
908 551 979 627 quin
993 549 1077 608 dabis

438 647 517 706 Nato
531 649 662 706 recenti?
702 648 760 705 Dic
775 667 829 726 age
844 648 975 705 carmina

519 744 609 813 Queis
623 745 700 802 laeta
712 745 836 822 grateris
850 743 947 802 Satori

559 842 627 900 Sive
641 842 705 919 lyra
719 841 866 899 citharave
881 841 974 919 plena

437 992 495 1050 Dic
510 993 581 1050 dum
594 991 710 1070 jugales
724 992 767 1050 sol
783 991 903 1051 cohibet
917 992 1000 1063 citos,

438 1089 496 1147 Dic
510 1090 640 1167 dumque
655 1089 811 1167 splendent
825 1088 978 1147 aethereae
992 1088 1077 1161 iaces,

518 1187 636 1264 Hospes
651 1186 774 1244 salutem
789 1187 851 1257 des,
867 1187 1008 1264 novisque

559 1283 687 1342 Sedibus
701 1283 829 1361 excipias
845 1282 950 1341 Iesum.

438 1433 493 1506 Da,
511 1435 602 1502 Musa,
618 1453 751 1505 eursum3
773 1434 902 1490 carmine
915 1433 1052 1510 praeveni

439 1531 575 1590 Demisso
591 1549 690 1608 reges;
712 1530 794 1587 Illius
807 1530 845 1588 ad
860 1530 950 1607 pedes

520 1627 694 1686 Muuuscule
707 1628 835 1686 auctoris
851 1647 967 1705 repone,

560 1724 663 1803 Tuque
676 1725 758 1802 prior
771 1724 934 1782 Dominum
949 1720 1071 1782 saluta*

235 1915 287 1960 DE
304 1914 576 1959 consummem·
592 1915 709 1960 aasz
723 1916 891 1960 LEGENDI.
919 1915 1006 1967 [Prot.
1015 1915 1135 1960 Samuel
1144 1914 1274 1967 Ervom]

299 2017 390 2076 Recte
413 2025 444 2076 et
465 2019 620 2077 commode
644 2018 741 2097 legere
763 2018 809 2077 vel
824 2018 951 2096 Angliee
965 2019 1009 2077 vel
1034 2017 1138 2076 Latine
1159 2037 1218 2076 non
1239 2019 1310 2076 ieris

238 2117 383 2174 momenti
404 2117 569 2195 putandum
592 2124 644 2174 est.
688 2115 756 2174 Non
780 2117 877 2174 omnis
901 2124 999 2174 autem
1022 2117 1072 2194 qui
1093 2116 1191 2174 studia
1208 2115 1312 2173 Latina

238 2220 356 2270 exercet
369 2220 421 2270 ant
435 2213 498 2290 ipse
512 2212 586 2270 bene
601 2212 673 2290 legit
684 2222 735 2270 aut
749 2212 868 2290 legendi
879 2213 1118 2295 consuetudinem
1129 2213 1199 2270 satis
1212 2213 1311 2291 magni

238 2310 331 2368 ducit
374 2308 529 2377 Quendam
554 2310 624 2366 novi
645 2309 755 2366 cotidie
777 2311 807 2367 in
830 2329 933 2366 manns
954 2309 1071 2367 Novum
1092 2310 1312 2368 Testamentum

238 2405 351 2465 Graece
365 2427 480 2464 sumere
495 2406 625 2475 solitum,
638 2425 724 2483 quem
740 2414 848 2477 antem,
860 2407 909 2463 vix
921 2406 992 2464 mihi
1006 2407 1070 2485 ipse
1084 2407 1170 2464 credo
1184 2425 1311 2479 narrans,

237 2503 363 2561 facultas
383 2503 504 2582 legendi
525 2503 719 2562 desuetudine
740 2503 831 2581 longa
850 2504 912 2580 jam
932 2523 1025 2580 paene
1039 2504 1174 2561 deseruit
1216 2502 1313 2573 Quan-

237 2596 302 2658 tum
317 2620 395 2674 vero,
410 2600 466 2658 hac
489 2601 700 2658 consuetudine
721 2587 887 2671 deficiente,
902 2600 1073 2679 disciplinae
1088 2608 1118 2658 et
1139 2600 1313 2658 humanitati

239 2697 340 2756 deest!
363 2697 453 2756 ·Non
474 2699 553 2756 enim
577 2706 637 2755 tam
660 2698 840 2776 praeclarum
855 2706 900 2756 est
921 2698 1018 2776 legere
1039 2699 1110 2756 scire
1126 2718 1212 2776 qnam
1226 2706 1312 2778 turpe

237 2796 360 2854 nescire.

301 2891 370 2951 Non
385 2899 430 2950 est
444 2893 564 2971 quidem
586 2913 703 2952 neeesse
719 2903 751 2952 ut
766 2895 842 2952 clare
857 2913 971 2970 semper
990 2894 1128 2971 legamus,
1144 2893 1194 2951 sed
1210 2901 1243 2951 ut
1255 2893 1313 2952 hoc

239 2989 335 3048 faeere
349 3010 465 3068 semper
479 2989 635 3069 possimus
675 2991 771 3049 Nemo
786 2999 886 3048 tamen
907 2991 970 3048 sinc
991 3011 1062 3048 voce
1080 2998 1158 3049 recte
1172 2991 1244 3068 legit
1256 2991 1315 3049 nisi

241 3088 293 3165 qni
315 3087 442 3146 multum
466 3107 499 3146 ae
520 3089 573 3146 diu
587 3108 658 3146 voce
681 3089 725 3146 uti
747 3089 906 3146 consuevit
949 3087 1059 3145 Causae
1080 3087 1176 3164 plnres
1189 3107 1262 3166 qnae
1276 3088 1314 3146 ad

240 3183 316 3242 hanc
341 3185 584 3244 cousuetudinem
610 3185 831 3262 adipiscendam
856 3185 1013 3262 impellunt
1035 3185 1109 3242 mihi
1133 3185 1164 3242 in
1186 3192 1315 3243 mentem

241 3290 392 3341 venerunt

303 3379 437 3438 Primum
458 3379 531 3438 haec
553 3380 745 3447 consuetudo,
761 3399 836 3457 quae
858 3399 916 3437 non
932 3379 1025 3437 oeulis
1039 3379 1131 3437 solum
1153 3380 1314 3438 sedetiam

242 3495 315 3534 voce
337 3482 444 3546 utatur,
460 3477 533 3534 facit
555 3485 588 3534 ut
610 3476 753 3535 voeabula
774 3477 921 3554 seriesque
944 3476 1096 3535 verborum
1117 3477 1204 3535 facile
1228 3485 1315 3555 atque

242 3572 367 3631 firmiter
390 3574 533 3630 memoria
556 3573 851 3652 comprehendantur.
894 3573 1009 3651 Lingua
1030 3575 1116 3646 enim,
1131 3593 1166 3632 ea
1186 3574 1317 3651 corporis

242 3690 310 3748 pars
325 3689 399 3748 quae
414 3689 474 3727 non
496 3670 586 3728 modo
609 3671 649 3728 ad
671 3690 835 3729 sermonem
857 3671 1078 3730 accommodata
1097 3678 1143 3730 est
1161 3671 1315 3730 sedetiam

243 3767 372 3826 sermoni
387 3787 472 3824 suum
488 3787 597 3826 nomen
611 3768 703 3840 dedit,
720 3769 748 3824 vi
763 3769 889 3826 naturali
903 3769 969 3846 plus
984 3789 1070 3846 quam
1085 3769 1162 3826 oeuli
1177 3769 1206 3826 iu
1218 3769 1315 3826 verbis

243 3864 381 3924 tenendis
405 3885 494 3944 saepe
519 3866 603 3925 valet
655 3865 690 3923 Iu
721 3867 823 3944 primis
845 3867 964 3944 quidem
984 3867 1068 3924 annis
1088 3867 1178 3924 verba
1201 3874 1316 3925 nostrae

292 4027 310 4058 ὓ
321 4028 385 4078 Sunt
395 4029 521 4079 tredecem
530 4029 593 4079 aliae
600 4035 704 4094 στροφαὶ
715 4030 789 4078 istius
801 4031 918 4078 carminis
927 4045 990 4091 quas
1001 4037 1087 4092 postea
1098 4032 1231 4081 remittam.
1258 4029 1316 4079 Non

243 4111 363 4176 transtuli
373 4113 458 4160 omnia
469 4127 534 4174 quae
545 4113 646 4175 scripsit
663 4112 791 4160 Mittonius
809 4120 896 4162 noster
910 4113 957 4161 hae
967 4114 999 4162 de
1009 4129 1037 4163 re
1047 4120 1178 4176 propterea
1188 4114 1255 4175 quod
1266 4114 1318 4162 lon-

244 4208 304 4258 gum
315 4201 355 4244 est
366 4195 451 4244 omnia
461 4201 558 4245 vertere
573 4201 599 4244 et
610 4195 699 4244 deinde
711 4195 819 4244 varietas
831 4195 966 4257 plurimum
977 4197 1075 4246 confert
1085 4197 1118 4245 ad
1129 4197 1264 4246 reddendos
1275 4196 1317 4244 ho

245 4277 325 4326 mines
335 4276 424 4326 feliees
435 4283 461 4326 et
472 4277 550 4326 studii
561 4284 682 4327 amantes.
