3334 5109
374 403 424 458 84
814 411 1002 464 LATINE.

436 572 542 633 Viator
561 576 658 653 prium
682 575 837 633 odiorum
860 574 1034 647 Romanum,
1060 583 1111 633 aut
1131 575 1272 634 libentius
1300 577 1338 634 ad
1362 576 1448 653 Capi·

374 667 479 730 tolium
504 672 537 742 it,
562 671 631 750 quia
653 672 741 729 turris
768 669 810 728 ibi
835 679 888 743 est,
914 672 992 730 uude
1016 679 1188 750 prospectus
1214 673 1304 750 louge
1331 674 1447 751 lateque

373 773 463 843 patet
517 767 682 845 Imaginare
709 766 820 839 urbem,
849 788 995 847 magnam,
1024 770 1256 827 sordidissimam
1288 770 1389 828 multis
1415 772 1447 827 in

373 862 513 938 partibus,
542 883 633 921 novas
660 863 773 936 domus,
796 865 858 923 vias
885 874 1022 943 angustas
1050 876 1080 925 et
1104 875 1245 938 curvatas,
1274 885 1367 944 prope
1393 886 1447 924 un-

374 958 463 1036 dique
486 959 685 1031 aedificiorum
706 960 851 1038 reliquias,
866 963 1016 1022 domicilia
1035 964 1202 1036 bellissima,
1217 964 1311 1021 multa
1331 963 1446 1041 palatia,

373 1054 445 1112 olim
468 1056 672 1133 pulcherrima,
697 1076 774 1156 nunc
798 1059 861 1116 sola
884 1080 981 1119 rerum
1005 1062 1145 1119 memoria
1168 1061 1447 1119 commemoratione

373 1152 471 1229 digna

434 1247 556 1323 Vereor,
570 1270 608 1309 ne
621 1247 681 1310 tibi
692 1251 764 1311 haec
786 1203 919 1331 epistula,
935 1262 1042 1312 uttam
1056 1254 1153 1331 longa,
1169 1253 1270 1312 taedio
1285 1255 1332 1327 sit,
1349 1256 1447 1333 itaque

372 1344 411 1401 ad
426 1344 514 1403 finem
528 1349 651 1407 veniam.
694 1348 777 1409 Vale.

422 1459 489 1508 Ante
501 1460 566 1509 diem
578 1468 694 1522 quartum
704 1463 789 1513 Nonas
801 1464 886 1514 Maiae

373 1664 525 1710 floream
532 1664 644 1709 Pam
652 1664 757 1709 amar
767 1664 840 1709 ΟΜ
850 1664 1021 1709 sacam.
1046 1664 1299 1717 Inter-rogationes
1306 1676 1449 1719 praccep-

452 1732 527 1775 torr's
539 1734 571 1775 et
581 1742 721 1804 responsa
734 1731 961 1785 discipulorum.

328 1872 333 1881 ·
434 1834 481 1893 De
496 1834 603 1912 quibus
617 1833 721 1893 scribit
736 1833 880 1892 Horatius
893 1834 949 1893 hac
963 1835 993 1892 in
1008 1834 1083 1892 odel

434 1931 569 1992 Primum
583 1931 675 1990 deira
688 1930 810 1989 deorum
826 1939 929 1990 contra
942 1932 1091 1989 Romanos
1101 1932 1141 1989 ob
1155 1932 1276 1990 caedem
1289 1931 1309 1988 J
1311 1932 1363 1989 ulii
1378 1931 1448 1990 Cae-

374 2030 446 2087 saris
457 2028 575 2101 scribit3
593 2026 700 2086 deinde
712 2027 845 2085 ostendit
854 2035 947 2085 totam
961 2029 1077 2106 imperii
1088 2048 1171 2106 spem
1181 2030 1212 2086 in
1225 2028 1363 2106 Augusto
1374 2047 1446 2086 esse.

436 2126 515 2195 Quid
529 2134 574 2184 est
587 2132 713 2183 metrum
731 2124 822 2201 hujus
837 2125 926 2183 odesl

435 2224 562 2283 Metram
578 2220 757 2301 Sapphicum
773 2229 804 2280 et
816 2221 988 2280 Adonioum
1003 2229 1053 2281 est

436 2320 495 2390 Qui
509 2340 608 2379 versus
622 2317 762 2397 Sapphici
776 2319 864 2376 metri
878 2320 966 2377 eunti

436 2418 509 2477 Tres
522 2419 635 2496 priores
649 2435 747 2474 versus
761 2413 903 2492 Sapphici
918 2422 993 2473 sunt

437 2516 463 2573 E
478 2515 585 2593 quibus
598 2512 727 2593 pedibus
739 2519 855 2570 constat
868 2512 992 2589 quisque
1007 2512 1125 2569 versusl

387 2674 388 2679 χ
438 2612 464 2670 Ε
485 2612 634 2683 trochaeo,
649 2609 951 2689 spondaeo„dactylo,
973 2616 1003 2667 et
1017 2608 1132 2667 duobus
1152 2607 1312 2667 trochaicis
1327 2610 1450 2686 quisque

283 2746 293 2792 .‘
379 2730 479 2769 versus
493 2716 617 2767 constat
655 2699 789 2765 *Caesura
801 2724 918 2784 semper
935 2706 966 2763 in
981 2705 1097 2783 dactylo
1113 2713 1164 2764 est
1208 2704 1337 2774 Quartus
1350 2704 1450 2763 uersus

375 2813 495 2865 constat
508 2825 525 2864 e
539 2804 658 2883 dactylo
673 2811 703 2862 et
716 2803 875 2881 spondaeo.

440 2902 569 2961 Potesne
583 2902 742 2960 scanderel

441 2999 555 3057 Censeo
569 3017 617 3056 me
630 3016 724 3076 posse.

327 3148 330 3153 .
440 3096 606 3155 Audiamus
620 3094 769 3173 quomodo
784 3093 915 3165 scandas,
931 3094 956 3151 si
970 3093 1074 3171 placet

441 3192 519 3251 Satis
540 3200 592 3251 est
634 3192 715 3253 Bene
730 3191 861 3251 scandis.
914 3191 1021 3248 Nonne
1041 3196 1234 3272 estimetrum
1259 3188 1324 3247 leve
1346 3195 1377 3247 et
1400 3208 1453 3267 pu·

378 3291 503 3350 chruml

306 3374 309 3379 '
444 3387 678 3447 pulcherrimum
692 3385 766 3445 mni
779 3385 905 3443 nuens.

444 3488 551 3545 Nonne
565 3492 611 3544 est
622 3484 686 3543 leve
700 3484 811 3543 etiami

445 3584 570 3656 Neseio;
591 3602 650 3640 nou
666 3588 710 3641 eat
723 3581 800 3639 auris
813 3580 888 3637 mihi
902 3580 1021 3637 musica

446 3678 901 3759 mmmffit

389 3818 392 3825 -
445 3779 530 3837 Nivis
544 3776 752 3856 grandinisque
766 3774 838 3845 satis
852 3792 996 3851 superque
1010 3773 1109 3830 forsan
1124 3771 1214 3829 Pater
1227 3772 1318 3829 misit.

445 3876 542 3946 Quare
556 3875 631 3933 dicis
649 3874 811 3952 superque!
919 3918 922 3922 .

447 3972 535 4043 Quod
548 3972 599 4029 nix
613 3971 777 4048 liquescens
791 3989 930 4046 maguum
945 3969 1086 4025 diluvium
1101 3966 1180 4026 iecit

447 4071 553 4129 Fuitne
567 4068 721 4154 diluvium,
735 4087 771 4125 an
785 4066 875 4125 Pater
887 4065 1013 4144 Jupiter,
1031 4066 1080 4143 qui
1094 4064 1199 4121 terruit
1211 4062 1335 4120 urbemi

389 4168 600 4246 -Uterque;
621 4165 719 4237 Pater,
734 4164 803 4242 quia
823 4163 906 4221 misit
926 4169 1037 4221 tantum
1059 4162 1143 4233 nivis,
1165 4169 1196 4219 et
1216 4160 1369 4232 diluvium,
1387 4161 1457 4237 quia

383 4276 448 4327 tam
462 4264 660 4345 periculosum
674 4262 741 4319 fuit.
