3334 5109
722 392 909 444 LATINE.
1298 393 1348 445 69

274 556 459 617 nobilissimo
480 568 510 618 et
530 561 760 639 prudentissimo
781 559 958 637 philosopho
979 560 1024 617 fui
1045 559 1234 637 studiumque
1255 558 1349 636 philo·

273 654 397 733 sophiae
420 676 581 736 numquam
603 659 802 717 intermissum
816 677 835 714 a
848 658 999 736 primaque
1020 656 1218 714 adulescentia
1237 656 1348 714 cultum

274 758 305 811 et
319 771 436 831 semper
454 763 572 813 auctum
587 755 644 813 hoc
659 774 756 813 rursus
770 774 885 813 summo
899 763 1017 813 auctore
1028 761 1058 812 et
1067 753 1189 812 doctore
1202 754 1349 811 renovavi.

275 849 389 909 Eodem
404 858 503 911 tamen
517 860 651 931 tempore
665 852 793 911 Athenis
810 852 889 931 apud
902 852 1087 911 Demetrium
1103 851 1209 928 Syrum
1221 857 1348 909 veterem

271 952 307 1005 et
320 967 379 1005 non
399 949 562 1027 ignobilem
583 949 702 1007 dicendi
723 950 894 1029 magistrum
914 949 1045 1007 studiose
1064 949 1191 1006 exerceri
1210 947 1347 1007 solebam

275 1043 350 1102 Post
363 1064 382 1102 a
394 1065 442 1103 mc
456 1045 531 1103 Asia
550 1053 615 1105 tota
635 1055 789 1124 peregrata
809 1056 863 1119 est,
877 1048 981 1125 fuique
1000 1066 1066 1105 curu
1087 1046 1209 1103 summis
1230 1044 1348 1122 quidem

273 1142 451 1214 oratoribus,
474 1143 650 1220 quibuscum
671 1143 827 1203 exercebar
855 1145 928 1223 ipsis
951 1144 1119 1215 libentibus,
1142 1162 1266 1219 quorum
1286 1150 1350 1200 erat

273 1238 412 1317 princeps
426 1239 584 1319 Menippus
599 1240 827 1299 Stratonicensis
841 1260 908 1299 meo
922 1241 1033 1299 iudicio
1046 1248 1111 1299 tota
1120 1239 1194 1298 Asia
1206 1239 1265 1297 illis
1278 1247 1350 1297 tem·

273 1334 401 1413 poribus·
407 1336 639 1410 dissertissimus,
649 1337 914 1415 adsiduissimeque
928 1347 1027 1399 autem
1041 1357 1156 1396 mecum
1170 1336 1350 1415 fuitDiony-

272 1434 335 1491 sius
349 1433 493 1512 Magnus;
509 1443 571 1494 erat
585 1437 673 1494 ctiam
688 1435 853 1513 Aeschylus
863 1436 996 1507 Cnidius,
1006 1436 1238 1512 Adramyttenus
1252 1434 1351 1493 Xeno-

271 1530 350 1589 cles:
372 1530 405 1588 hi
418 1539 484 1590 tum
497 1533 528 1590 in
543 1533 617 1591 Asia
637 1533 787 1591 rhetorum
808 1534 956 1611 principes
976 1533 1221 1604 numerabantur3
1244 1532 1350 1609 quibus

275 1646 336 1685 non
357 1636 513 1688 contentus
535 1629 676 1688 Rhodum
703 1630 771 1688 veni
796 1648 902 1708 meque
923 1629 962 1687 ad
980 1629 1114 1700 eundem,
1131 1647 1218 1706 quem
1238 1627 1349 1686 Romae

273 1725 455 1798 audiveram,
471 1726 621 1785 Molonem
635 1727 779 1805 applicavi
794 1747 860 1785 cum
875 1733 1004 1785 actorem
1018 1726 1049 1783 in
1063 1726 1138 1783 veris
1152 1726 1247 1783 causis
1261 1725 1351 1802 scrip

271 1829 430 1901 toremque
444 1831 641 1901 praestantem
656 1831 721 1882 tum
734 1824 766 1881 in
781 1823 918 1881 notandis
931 1822 1254 1899 animadvertendisque
1268 1823 1350 1879 vitiis

272 1925 306 1977 et
319 1920 503 1978 instituendo
518 1920 713 1998 docendoque
734 1920 1002 1999 prudentissimum.
1044 1921 1070 1977 is
1084 1919 1169 1978 dedit
1182 1938 1310 1996 operam,
1324 1919 1350 1976 si

274 2016 367 2075 modo
381 2017 414 2075 id
428 2018 570 2097 consequi
583 2018 691 2095 potuit,
706 2024 739 2075 ut
759 2018 847 2075 nimis
861 2017 1052 2075 redundantis
1064 2036 1119 2075 nos
1133 2024 1163 2075 et
1175 2015 1352 2095 superfluen-

273 2114 315 2171 tis
329 2114 451 2173 iuvenili
466 2115 593 2193 quadam
612 2114 731 2172 dicendi
753 2114 929 2191 impunitate
949 2120 980 2172 et
999 2114 1117 2172 licentia
1136 2114 1308 2192 reprimeret
1321 2122 1351 2171 et

275 2211 360 2288 quasi
381 2219 463 2269 extra
482 2214 562 2291 ripas
583 2212 743 2270 diffluentis
764 2218 921 2271 coerceret
971 2210 1019 2268 Ita
1039 2212 1135 2290 recepi
1159 2230 1206 2269 me
1230 2210 1351 2269 biennio

274 2314 346 2386 post
358 2328 419 2366 non
433 2309 524 2369 modo
544 2309 738 2381 exercitatior,
753 2308 805 2366 sed
826 2307 918 2386 probe
938 2314 1086 2366 mutatus:
1106 2326 1175 2365 nam
1190 2314 1219 2365 et
1233 2314 1352 2365 conten·

274 2406 319 2463 tio
334 2406 428 2463 nimia
441 2407 522 2465 vocis
535 2406 683 2465 resederat
703 2412 734 2464 et
756 2406 839 2483 quasi
858 2405 1024 2463 deferverat
1044 2405 1139 2464 oratio
1154 2403 1351 2482 lateribusque

274 2502 353 2560 vires
363 2510 394 2561 et
404 2503 522 2581 corpori
536 2502 694 2561 mediocris
704 2502 825 2560 habitus
836 2509 1002 2561 accesserat
1037 2502 1144 2582 (Brut,
1156 2499 1174 2581 ξ
1186 2501 1349 2579 313-316.)

599 2616 718 2684 [nequa
729 2614 1036 2681 summumst]

275 2731 484 2775 arnamar.
519 2716 523 2724 '

275 2834 305 2895 J.
322 2834 360 2893 K
376 2834 419 2908 L,
435 2836 467 2894 E.
484 2835 513 2894 S.
530 2834 559 2894 S.
575 2835 692 2893 Editori
709 2834 833 2907 Laurus,
849 2834 878 2892 S.
895 2834 928 2893 P.
944 2833 982 2893 D.

339 2931 416 2990 Cum
439 2933 477 2991 de
499 2952 565 2991 arce
589 2932 836 3009 Heidelbergensi
858 2932 890 2988 in
912 2930 1037 3008 epistola
1056 2930 1154 3008 priore
1170 2930 1350 2986 mentionem

274 3028 406 3101 fecerim,
421 3028 564 3108 ampliore
579 3030 669 3088 modo
683 3049 761 3087 nunc
782 3028 916 3087 scribam.
960 3026 1005 3085 Ut
1018 3046 1098 3085 arces
1112 3027 1261 3103 antiquae,
1276 3044 1350 3105 quae

277 3126 310 3183 in
325 3125 484 3195 Germania
503 3133 578 3199 sunt,
594 3145 686 3204 paene
705 3144 806 3183 omnes
827 3126 937 3182 fractae
958 3130 1034 3196 sunt,
1051 3124 1094 3181 ita
1112 3121 1185 3181 haec
1204 3142 1255 3180 arr
1268 3124 1353 3181 ruina

276 3230 332 3282 est.
375 3222 450 3281 Cum
465 3243 516 3282 eae
531 3224 569 3281 ad
592 3244 661 3282 usus
674 3223 744 3281 belli
769 3222 901 3281 munitae
926 3228 1024 3279 essent
1037 3220 1114 3278 bello
1139 3227 1207 3279 sunt
1229 3221 1350 3280 deletae.

277 3320 365 3394 Galli,
381 3322 432 3399 qui
453 3340 540 3399 saepe
555 3320 632 3379 hanc
645 3328 751 3379 terram
767 3324 926 3398 rapuerunt
939 3324 1109 3396 raptamque
1125 3317 1264 3388 tulerunt,
1280 3338 1353 3376 sem-

278 3437 332 3497 per
345 3418 407 3476 fere
430 3437 519 3492 arces,
535 3438 607 3497 quas
622 3418 644 3475 ii
659 3424 825 3488 tenuerunt,
841 3415 1019 3486 deleverunt,
1036 3433 1112 3487 nam,
1129 3433 1200 3492 quas
1214 3413 1271 3472 sibi
1285 3415 1354 3473 reti-

278 3534 349 3573 nere
368 3534 428 3573 non
450 3522 580 3594 possent,
598 3536 646 3574 eas
662 3513 797 3572 hostibus
818 3510 940 3570 castella
960 3511 1074 3569 futuras
1095 3530 1158 3569 esse
1187 3511 1351 3571 noluerunt.

279 3612 364 3670 Haec
377 3631 429 3669 arx
446 3620 617 3691 oppugnata
637 3613 667 3670 in
688 3610 766 3669 bello
781 3610 862 3690 quod
882 3609 1066 3667 nominatum
1087 3615 1132 3666 est
1147 3608 1284 3667 “bellum
1303 3610 1353 3667 tri-

280 3711 365 3789 ginta
384 3709 557 3783 annorum,”
578 3717 623 3768 est
646 3710 677 3767 in
700 3728 837 3787 magnam
862 3715 974 3786 partem
999 3706 1098 3764 fracta
1142 3704 1212 3763 Mor
1232 3706 1352 3773 refecta,

278 3823 357 3862 anno
373 3804 528 3865 millesimo
549 3805 761 3864 sexcentesimo
783 3804 965 3881 octogesimo
987 3802 1024 3860 ab
1045 3802 1156 3861 Gallico
1177 3803 1353 3882 imperatore

278 3901 377 3959 Melae
391 3909 436 3961 est
450 3913 544 3982 capta,
559 3909 628 3981 post
644 3902 724 3981 quod
744 3908 870 3979 tempus,
892 3900 1019 3959 turribus
1039 3900 1159 3979 pulvere
1179 3899 1353 3959 mortifero¹

280 3998 415 4077 dejectis,
436 4018 587 4078 nunquam
611 4005 752 4057 renovata
775 4005 827 4057 est.
870 3998 998 4056 Electori
1018 3997 1123 4057 Oarolo
1145 3996 1302 4055 Theodoro
1322 3998 1353 4053 in

280 4102 411 4154 mentem
425 4097 506 4155 venit
520 4115 615 4154 arcem
629 4114 776 4169 renovare,
788 4094 840 4153 sed
855 4114 921 4153 cum
935 4094 984 4153 ille
997 4096 1036 4153 ad
1050 4115 1122 4171 opus
1136 4094 1265 4174 parabat,
1277 4113 1353 4152 anno

756 4266 763 4293 ¹
775 4266 884 4316 Powder.
