3334 5109
726 388 914 439 LATINE.
1302 389 1351 441 67

328 550 359 601 B.
378 552 482 609 Quando
494 554 600 603 Rornam
611 560 695 605 vestes
708 561 804 603 mutare
816 555 949 603 solebant?

329 634 363 683 A.
382 634 505 698 Dolorem,
518 644 546 685 ut
557 652 632 699 nunc,
646 639 771 686 mutandis
784 639 897 687 vestibus
909 638 1086 699 exprimebant.
1122 638 1167 687 liei
1178 639 1252 686 etiam
1263 652 1352 687 causas

281 716 347 777 apud
358 717 455 779 judices
467 720 587 768 sordidati
599 722 714 783 agebant.

330 797 359 848 B.
378 800 467 849 Nonne
479 801 582 849 fortuna
594 816 713 863 prospera
725 802 825 849 domum
839 818 1015 863 nonnunquam
1029 802 1151 862 relinquit,
1163 809 1187 850 ct
1199 803 1301 850 fortuna
1311 803 1353 850 ad-

279 894 352 929 versa
364 886 467 931 manet?

328 963 362 1013 A.
381 964 474 1027 Saepe3
491 970 589 1013 mutata
600 972 677 1027 vaste,
691 967 794 1014 fortuna
805 967 905 1015 inimica
917 974 1007 1015 manet.

327 1045 357 1095 B.
376 1046 465 1095 Nonne
476 1048 556 1095 credis
568 1048 588 1095 F
589 1048 655 1097 idem
666 1063 767 1097 manere
779 1050 895 1098 comitem
908 1050 1031 1098 Fortunae
1044 1050 1175 1099 inimicae?

328 1128 363 1178 A.
381 1128 473 1178 Credo:
492 1130 565 1179 amici
583 1130 726 1193 diffugiunt,
738 1138 767 1179 ut
785 1132 820 1179 ait
838 1139 918 1193 poeta,
934 1133 977 1192 qui
997 1133 1119 1181 infidiores
1138 1140 1203 1195 sunt,
1215 1146 1290 1193 quam
1308 1134 1352 1193 qui

279 1210 373 1272 pariter
382 1212 471 1274 jugum
483 1213 639 1274 paupertatis
650 1214 741 1261 ierant.

328 1291 357 1341 B.
377 1293 423 1350 Qui
441 1293 515 1355 Spem
533 1300 558 1343 et
577 1295 662 1343 Fidem
680 1295 805 1357 habet,·ei
824 1296 934 1343 Fortuna
952 1311 1001 1343 non
1020 1303 1057 1344 est
1076 1295 1249 1344 inimicissima
1285 1296 1352 1344 Bene

280 1373 343 1422 dixit
355 1375 467 1425 Socrates
480 1376 542 1424 nihil
553 1378 601 1424 nisi
613 1378 706 1424 bonum
718 1379 784 1426 bono
796 1379 922 1441 contigere
933 1392 1013 1439 posse.

328 1456 362 1505 A.
381 1456 469 1506 Nonne
482 1464 554 1519 poeta
566 1458 620 1519 ipse
632 1458 767 1506 Fortunam
780 1462 916 1520 precatur?

328 1538 358 1587 B.
376 1538 496 1589 Precatur
513 1540 656 1603 Fortunam,
669 1554 733 1601 quae
751 1554 821 1603 reges
840 1547 866 1589 et
882 1541 988 1602 imperia
1003 1542 1118 1603 deprimit
1135 1548 1160 1589 et
1175 1540 1249 1602 tollit,
1261 1546 1290 1588 ut
1301 1541 1351 1587 An-

277 1626 379 1683 gustum
391 1630 481 1671 servet.

327 1703 361 1751 A.
380 1703 446 1751 Num
458 1707 588 1769 Augustus
601 1706 649 1754 iter
661 1706 687 1753 in
699 1705 857 1753 Britanniam
868 1705 951 1753 fecit?

327 1784 357 1834 B.
376 1785 432 1833 Non
443 1787 511 1836 fecit.
548 1788 661 1851 Longum
674 1788 699 1836 in
712 1788 812 1835 ultimos
825 1788 893 1835 orbis
906 1788 1039 1835 Britannos
1051 1788 1097 1834 iter
1109 1797 1167 1835 erat.

327 1867 361 1915 A.
380 1867 506 1932 Vergilius
525 1870 585 1917 dicit
603 1870 738 1917 Britannos
756 1870 857 1931 penitus
875 1875 930 1917 toto
947 1872 1007 1917 orbe
1025 1870 1116 1917 divisos
1134 1869 1185 1930 (Ec.
1200 1870 1216 1930 i,
1229 1868 1279 1930 67).
1314 1870 1350 1918 De

277 1962 328 2009 qao
339 1951 432 1998 recenti
444 1952 558 2000 examine
569 1952 689 2015 juvenum
701 1952 831 2013 loquitur?

326 2030 356 2081 B.
376 2032 412 2081 De
423 2032 544 2082 militibus
557 2033 675 2095 loquitur,
685 2035 729 2095 qui
740 2049 819 2095 nuper
831 2035 890 2083 belli
899 2034 1032 2082 Orientalis
1043 2048 1117 2082 causa
1128 2034 1261 2095 conscripti
1270 2039 1350 2081 erant.

277 2113 407 2163 Exercitus
419 2115 505 2177 populi
518 2116 630 2177 Romani,
644 2122 672 2165 ut
684 2117 740 2178 sois,
754 2124 807 2165 erat
818 2118 908 2165 terrori
919 2118 1036 2179 gentibus
1047 2116 1224 2165 remotissimis.

327 2196 361 2245 A.
381 2197 461 2254 Quare
478 2198 589 2260 pudebat
609 2205 709 2261 poetam
728 2200 872 2247 cicatricum
887 2200 964 2250 belli?
998 2199 1086 2247 Nonne
1097 2199 1221 2247 cicatrices
1233 2198 1351 2247 adversae

277 2278 352 2326 militi
363 2279 450 2327 honori
462 2282 539 2328 sunt?

327 2360 356 2409 B.
375 2361 415 2409 Ita
426 2376 501 2423 sane3
517 2362 588 2410 dulce
599 2368 624 2411 et
637 2363 753 2411 decorum
765 2369 804 2411 est
817 2378 863 2425 pro
874 2363 957 2424 patria
968 2364 1029 2410 mori
1041 2362 1077 2424 (C.
1091 2362 1123 2423 iii,
1137 2364 1222 2425 2,13);
1238 2362 1282 2410 sed
1292 2376 1349 2423 poe-

276 2448 329 2491 tam
341 2444 484 2492 cicatricum
495 2444 603 2492 fratrum
616 2446 741 2505 pudebat:
761 2444 787 2493 in
802 2445 917 2493 civilibus
937 2444 1009 2492 bellis
1028 2446 1092 2492 cives
1110 2460 1125 2492 a
1141 2444 1236 2492 civibus
1246 2444 1351 2491 vulnera

277 2526 419 2587 accipiunt3
440 2527 541 2575 caedem
561 2526 659 2575 civilem
675 2526 751 2574 scelus
767 2526 891 2588 appellat3
916 2527 1052 2575 discordiae
1066 2533 1092 2575 et
1108 2527 1188 2574 caedis
1202 2527 1267 2573 inter
1283 2526 1351 2574 cives

277 2607 409 2656 Horatium
420 2610 544 2671 pudebat·

326 2691 361 2739 A.
383 2690 473 2739 Nonne
484 2692 642 2739 acerbissime
655 2692 680 2739 in
692 2706 750 2739 suos
763 2692 829 2739 cives
842 2691 988 2739 invehitur?

327 2772 356 2821 B.
374 2773 441 2821 Dicit
453 2788 495 2821 eos
507 2774 621 2835 audaces,
633 2774 716 2837 legum
733 2773 902 2837 neglegentes,
915 2774 1097 2834 immoderatos,
1110 2773 1196 2834 impios
1213 2787 1275 2821 esse.
1308 2772 1332 2821 N
1333 2773 1351 2819 i·

277 2853 312 2900 hil
332 2860 431 2903 tantum
451 2870 506 2904 esse
526 2856 585 2916 quin
606 2856 632 2903 id
651 2862 786 2918 conentur;
805 2856 873 2918 leges
893 2861 918 2903 et
938 2856 1039 2903 deorum
1059 2861 1083 2903 et
1101 2854 1225 2901 hominum
1243 2860 1352 2903 contem.

275 2943 347 2985 nunt.

326 3019 361 3068 A.
379 3018 439 3075 Quis
450 3021 546 3082 primus
557 3022 610 3071 dies
622 3022 704 3069 fastos
716 3026 742 3069 et
753 3020 867 3069 nefastos
879 3021 960 3068 fecit?
995 3020 1067 3068 Unde
1078 3034 1165 3067 nomen
1178 3019 1296 3067 ducitur?

327 3100 356 3149 B.
375 3100 439 3149 «Iura
456 3102 505 3151 fari
523 3104 598 3151 fastis
617 3104 705 3152 diebus
724 3103 822 3164 licebat,
836 3103 951 3163 nefastis,
968 3117 1018 3149 non
1037 3102 1131 3149 licebat.
1172 3102 1254 3149 Numa
1271 3103 1351 3165 legem

277 3182 347 3244 fecit,
359 3189 452 3245 putans
463 3184 597 3246 aliquando
609 3186 672 3235 nihil
683 3200 740 3233 cum
752 3185 846 3247 populo
857 3186 898 3248 agi
910 3185 971 3232 utile
982 3199 1037 3233 esse
1048 3186 1160 3231 futurum
1171 3182 1236 3246 (Liv.
1248 3185 1263 3245 i,
1275 3185 1324 3248 14).

327 3264 362 3314 A.
381 3264 469 3315 Nonne
490 3269 623 3331 scriptores
646 3269 788 3318 laudatores
808 3268 929 3329 temporis
952 3268 1009 3328 acti,
1030 3267 1189 3329 castigatores
1211 3266 1351 3327 praesentis

276 3360 352 3407 saepe
363 3350 441 3395 sunt?

327 3427 356 3477 B.
375 3428 448 3490 Mala,
466 3444 529 3490 quae
547 3432 667 3495 videmus,
685 3433 757 3480 nobis
775 3432 885 3479 maxima
901 3430 1025 3479 videntur.
1054 3430 1137 3477 Cicero
1149 3430 1206 3477 dicit
1224 3430 1351 3478 maturita-

276 3517 328 3559 tem
339 3510 450 3558 omninm
461 3512 582 3561 scelerum
593 3514 620 3561 in
631 3520 731 3575 tempus
743 3513 783 3561 sai
795 3513 939 3561 consulatus
950 3513 1061 3574 erupisse
1073 3512 1135 3574 (Cat.
1148 3512 1164 3572 i,
1179 3511 1226 3576 13).

326 3592 361 3641 A.
381 3593 435 3650 Qua
446 3608 518 3655 prece
530 3609 630 3645 carmen
642 3596 819 3644 concluditur?

327 3674 357 3725 B.
376 3675 455 3724 Poeta
472 3684 595 3739 precatur,
614 3686 651 3740 ut,
671 3678 873 3727 contentionibus
889 3678 1005 3726 civilibus
1021 3679 1118 3726 demum
1133 3677 1231 3737 sedatis,
1244 3678 1349 3725 Romani

278 3757 368 3805 iterum
380 3758 406 3805 in
417 3764 504 3821 gentes
516 3766 624 3809 remotas
637 3766 662 3809 et
674 3766 790 3823 potentes
802 3761 875 3824 signa
886 3761 1004 3809 inferant.
1201 3760 1228 3808 E.
1241 3759 1272 3808 la
1286 3760 1314 3808 B

280 3934 307 3978 0.
325 3936 446 3980 IULIUS
463 3935 608 3980 CAESAR.
636 3936 747 3989 [Tertiis
760 3938 851 3991 pars]

341 4034 417 4117 (12.)
441 4036 474 4097 O.
490 4037 607 4097 Caesari
628 4058 663 4097 ex
682 4038 830 4117 Hispania
844 4039 980 4097 redeunti
995 4038 1143 4096 Antonius
1157 4021 1248 4095 factus
1262 4044 1306 4095 esi
1320 4038 1347 4095 ei

278 4154 377 4192 rursus
390 4134 552 4195 familiaris.
595 4135 723 4195 habebat
737 4135 794 4193 hoc
808 4136 929 4193 omnino
944 4136 1065 4194 Caesar:
1087 4155 1171 4213 quem
1186 4134 1272 4212 plane
1285 4152 1350 4211 per·

278 4233 374 4291 ditum
388 4252 453 4291 acre
468 4234 563 4292 alieno
578 4240 782 4313 egentemque,
792 4234 817 4291 si
829 4234 954 4292 eundem
969 4254 1093 4312 nequam
1104 4233 1251 4291 hominem
1262 4231 1348 4288 auda-
