3334 5109
360 724 408 767 Iter
418 726 449 767 a!
461 726 554 778 laneum
566 736 606 777 {aar
614 728 741 779 praecepta,
751 727 813 768 trec«
825 727 846 767 et
858 726 935 777 efficax
944 736 988 777 per
998 724 1252 767 armna-Smer.

303 921 370 961 novi
564 897 635 1048 L
1134 921 1233 963 usust
1250 920 1316 961 osc.

268 993 406 1035 tecnam.
657 934 719 1050 Α
737 934 792 1050 Τ
812 932 847 1049 Ι
871 934 930 1050 Ν
1031 1020 1047 1049 .
1111 994 1344 1037 Μοοοουωικιιιι.

443 1171 539 1215 “Hutta
547 1173 626 1225 Bona:
641 1172 720 1215 amm
728 1172 813 1217 hoen:
827 1171 1170 1215 ammaon.’·-oom1us.

313 1336 395 1382 hector
402 1351 412 1382 :
428 1336 494 1393 Quid
504 1337 550 1383 tibi
561 1338 607 1397 vis,
619 1338 640 1384 0
651 1335 789 1397 ephemeris
800 1337 917 1397 parvulai

313 1410 418 1456 Lethea:
433 1410 468 1457 Ut
482 1410 577 1458 Terenti
587 1412 662 1459 verta
671 1411 781 1458 flectam:
804 1410 893 1457 Latini
903 1410 966 1457 nihil
975 1425 990 1457 a
999 1424 1038 1457 me
1048 1410 1154 1457 alienum
1164 1414 1230 1469 puto.
1262 1408 1279 1433 ‘¹
1287 1406 1344 1455 Noe

268 1484 335 1531 man
348 1488 401 1531 tam
414 1485 569 1545 praclarum
583 1490 615 1533 eet
630 1486 689 1532 eche
706 1486 804 1533 Lar-nus
819 1483 1342 1545 qacmtmpeuoedre.“-010.Bnur.oxn‚

271 1674 408 1719 onum
424 1675 574 1721 meram.

471 1776 499 1836 Ο
513 1777 593 1835 lacus
608 1796 736 1850 corusce,
752 1776 799 1834 cui
814 1776 895 1834 mille
909 1777 1021 1834 colores

472 1873 534 1932 Dat
547 1874 684 1931 occidens
699 1872 840 1931 Phoebus
854 1880 922 1950 post
935 1892 1035 1930 currus
1048 1872 1171 1945 labores,

472 1971 517 2029 Tu
533 1972 653 2029 nubium
667 1971 790 2050 pulcher
804 1971 959 2029 sublimem
974 1990 1120 2042 coronam,

472 2066 606 2145 Benigne
621 2086 674 2145 pro
689 2069 766 2126 votis
780 2068 898 2125 lintrem
914 2069 1013 2145 accipe
1026 2067 1152 2125 bonam:

552 2164 683 2223 Liutrem
699 2173 822 2242 gratam,
840 2166 926 2223 undis
940 2172 1046 2237 natam,

552 2261 653 2320 Remis
666 2262 750 2319 laetis
765 2264 925 2320 incitatam.

472 2422 604 2495 Laetitia,
620 2423 711 2481 roseis
724 2423 831 2481 advola
845 2424 959 2500 pennis,
1066 2454 1068 2458 ·

471 2520 600 2579 Delicias
614 2520 700 2579 nobis
715 2520 753 2578 da
767 2520 903 2577 manibus
916 2519 1019 2597 plenis,

470 2617 602 2676 Decorae
617 2617 688 2675 dum
704 2625 828 2694 surgunt
843 2636 859 2674 e
873 2617 986 2694 gremio
999 2614 1141 2693 lymphae

470 2714 687 2793 Impelluntque
702 2714 819 2772 lintrem
836 2714 986 2773 caeruleae
1000 2712 1172 2791 Nymphae:

552 2810 682 2869 Lintrem
697 2818 820 2889 gratam,
836 2812 924 2869 undis
938 2820 1046 2884 natam,

551 2907 651 2965 Remis
665 2908 748 2965 laetis
762 2909 920 2966 incitatam.

469 3067 666 3146 Tranquillam
681 3067 835 3125 laudamus
849 3070 879 3126 in
894 3067 1030 3126 fluctibus
1043 3068 1154 3141 horam,

471 3164 529 3222 Sed
545 3164 628 3242 lugat
642 3164 785 3223 Venatrix
800 3164 950 3243 Argentea
964 3184 1084 3223 moram.

471 3260 637 3319 Incumbite
651 3264 739 3319 remis
754 3262 888 3339 clareque
903 3270 1039 3321 canentes

471 3359 522 3417 Ad
536 3360 614 3437 ripas
628 3358 770 3437 impellite
784 3359 901 3417 lintrem
916 3358 1094 3437 gaudentes:

552 3454 682 3513 Lintrem
697 3462 819 3533 gratam,
836 3457 924 3514 undis
939 3463 1046 3529 natam,

550 3552 651 3610 Remis
664 3551 749 3611 laetis
762 3553 923 3611 incitatam.

977 3632 1130 3681 limiam
1147 3632 1198 3681 Lm
1215 3633 1305 3684 Baras.

265 3744 463 3790 arcendus
476 3746 682 3790 sonarum

327 3848 373 3908 Ut
387 3848 424 3907 de
439 3849 561 3921 ratione,
578 3868 664 3927 quam
686 3848 814 3906 instituit
836 3848 995 3927 Lycurgus,
1011 3856 1089 3907 recte
1108 3848 1235 3907 iudicare
1249 3850 1341 3927 possi-

266 3964 341 4018 mus,
356 3950 491 4024 tempora
510 3944 561 4003 illa
578 3945 676 4004 civilia
696 3944 818 4023 Spartae
839 3946 925 4004 nobis
945 3946 1111 4005 revocanda
1123 3954 1191 4005 sunt
1204 3954 1234 4005 et
1247 3953 1340 4005 status

267 4042 403 4116 civitatis,
420 4061 507 4120 quem
529 4041 749 4103 Lacedaemone
771 4044 892 4116 invenit,
908 4064 974 4101 cum
996 4044 1075 4123 leges
1088 4045 1119 4103 iu
1132 4044 1227 4103 lucem
1240 4052 1340 4124 protu-

266 4138 310 4211 lit,
326 4140 548 4217 cognoscendus
562 4148 614 4199 est

360 4378 368 4393 Ἰ
400 4310 762 4375 'ammiandfmmsminea
775 4294 1207 4377 aynarmnwarsmumu.
