3334 5109
736 434 922 487 LATINE.
1313 436 1367 489 39

342 600 371 649 Β.
390 600 454 658 Quid
465 602 543 651 novi?

341 683 375 731 A.
393 683 515 747 Cognovit
526 699 609 735 senem
622 688 722 735 mentiri
734 686 864 735 Chremem
877 687 978 748 nuptias
990 688 1059 735 velle.
1094 687 1160 735 Dicit
1177 686 1225 735 sibi
1242 686 1368 749 cogitanti

292 765 353 825 quid
364 772 428 827 aget,
441 767 525 815 subito
536 769 562 815 in
573 775 683 817 mentem
694 769 800 830 venisse,
814 769 938 817 Simonem
955 769 1018 817 nihil
1034 770 1135 831 dignum
1154 769 1248 829 nuptiis
1266 782 1366 829 parere.

292 846 464 909 Suspicentem
483 850 543 909 quid
560 852 600 911 sit,
622 850 654 898 ad
672 850 772 899 domum
795 851 906 899 Chremis
924 866 952 898 se
970 851 1111 910 contulisse,
1129 864 1203 909 quam
1221 850 1363 911 hospitibus

290 944 393 979 vacuam
414 930 554 991 iuvenisse3
577 934 700 981 neminem
719 933 819 994 intrare,
837 934 960 981 neminem
980 935 1054 994 exire,
1071 932 1134 981 nihil
1151 932 1259 981 tumulti
1296 931 1367 979 Haec

291 1016 359 1059 certe
370 1025 420 1059 non
431 1013 526 1073 nuptiis
537 1014 676 1063 convenire.

341 1092 370 1143 B.
389 1093 511 1151 Quorsum
522 1102 594 1157 pater
606 1098 747 1145 mentitur?

341 1177 375 1226 Δ.
393 1176 419 1225 Si
429 1177 507 1225 lilium
519 1186 592 1242 cogat
604 1186 632 1227 ut
645 1179 783 1241 Glycerium
796 1178 929 1240 relinquat,
941 1186 1059 1241 speratse
1069 1179 1167 1226 Chremi
1176 1192 1367 1239 persuasurum,

290 1258 405 1307 ut'filiam
419 1260 468 1309 det.
503 1260 529 1309 Si
539 1268 622 1309 autem
635 1276 685 1309 non
696 1262 783 1323 possit,
796 1263 847 1309 vim
865 1262 956 1310 afferre
976 1271 1003 1311 et
1020 1262 1139 1309 Andriam
1155 1276 1187 1309 ex
1198 1262 1260 1308 urbe
1270 1260 1368 1322 ejicere:

290 1341 427 1390 constituit
1015 1335 1018 1339 ’

340 1422 370 1473 Β.
387 1422 484 1485 Nescio,
497 1438 546 1485 quo
557 1426 632 1473 modo
643 1426 684 1474 hic
694 1426 775 1473 nodus
787 1426 850 1473 solvi
862 1428 948 1487 possit.
984 1426 1083 1474 Nihilne
1094 1426 1180 1472 auxilii
1192 1426 1217 1471 in
1229 1428 1320 1473 servet

340 1505 374 1554 A.
393 1506 498 1555 Domino
509 1508 609 1568 quidem
627 1508 653 1556 in
670 1510 744 1556 rebus
762 1510 881 1557 extremis
899 1524 948 1556 non
965 1509 1041 1556 deest.
1077 1508 1161 1555 Monet
1177 1522 1242 1567 eum,
1255 1514 1283 1555 ut
1295 1507 1368 1567 dicat

290 1600 318 1635 se
329 1588 404 1635 filiam
417 1588 528 1637 Ohremis
540 1590 681 1651 ducturum,
694 1590 788 1637 interes
805 1591 883 1637 amori
900 1605 959 1653 erga
977 1590 1115 1651 Glycerium
1132 1589 1268 1652 indulgeat.
1304 1590 1362 1638 Non
1391 1630 1393 1633 Α

290 1667 392 1716 dubium
403 1684 458 1718 esse
469 1671 530 1731 quin
542 1670 658 1719 Chremes
676 1686 767 1734 negare
784 1679 940 1732 perseveret,
959 1672 1116 1732 Pamphilum
1129 1678 1211 1719 autem
1231 1672 1297 1733 patri
1315 1672 1367 1720 hoc·

289 1750 409 1811 obsequio
426 1752 582 1815 placiturum,
601 1758 750 1815 tempusque
770 1752 801 1799 ad
822 1766 873 1799 rem
894 1753 1071 1801 conficiendam
1088 1755 1255 1801 obtenturum.
1296 1751 1362 1800 Dum

290 1832 352 1881 haec
363 1841 477 1897 aguntur,
489 1850 546 1884 ecce
557 1850 634 1883 senex
646 1836 699 1897 ipse
711 1836 789 1895 adest,
802 1834 960 1895 Pamphilum
973 1842 1052 1896 vocat,
1065 1842 1090 1883 et
1106 1835 1180 1896 jubet
1191 1835 1238 1882 hac
1250 1834 1289 1882 die
1300 1849 1369 1895 nup»

290 1914 339 1962 fies
351 1914 440 1965 facere.
476 1916 522 1964 Hic
539 1917 681 1979 respondet,
694 1918 761 1977 quod
778 1924 851 1979 peter
862 1916 928 1975 velit,
941 1917 967 1964 id
984 1932 1028 1979 per
1043 1932 1070 1965 se
1090 1917 1144 1965 fieri
1162 1917 1243 1978 licere,
1255 1923 1281 1965 et
1298 1917 1360 1977 abit,

291 1998 363 2058 qussi
374 1999 457 2046 omnia
467 2006 607 2061 paraturus.
637 2000 721 2047 Davus
734 2014 873 2048 sermonem
885 2000 1052 2047 adulescentis
1064 2000 1202 2061 confirmat,
1214 2014 1289 2059 quem
1301 1999 1363 2047 dicit

291 2087 394 2141 secreto,
408 2087 437 2127 ut
456 2081 627 2129 adulescentes
644 2082 748 2143 soleant,
761 2083 861 2142 quidem
874 2083 1003 2143 amavisse,
1016 2089 1141 2131 verentem
1162 2088 1244 2129 eutem
1262 2096 1294 2129 ne
1313 2081 1362 2129 sibi

290 2161 404 2211 dedecori
414 2162 455 2211 hic
467 2178 537 2211 amor
547 2164 588 2225 sit,
601 2178 657 2212 esse
668 2171 783 2225 paratum
796 2171 929 2225 praecepta
946 2172 1051 2225 paterne
1066 2164 1143 2224 sequi.
1179 2164 1254 2211 Pater
1265 2163 1362 2225 gaudet

290 2244 334 2293 sed
345 2244 424 2293 filium
435 2246 531 2295 tristem
544 2246 655 2295 miretur.
681 2246 771 2295 Servus
784 2248 916 2309 respondet
928 2263 984 2295 eum
997 2247 1100 2295 moleste
1111 2248 1184 2306 ferre,
1197 2246 1264 2306 quod
1275 2259 1367 2306 sump-v

290 2326 329 2375 tui
339 2328 481 2389 nuptiarum
494 2328 567 2376 nimis
579 2335 704 2390 parcatur.

339 2409 370 2459 B.
388 2410 476 2459 Nonne
487 2425 563 2459 senex
575 2412 693 2459 astutiam
705 2412 771 2460 servi
783 2412 978 2459 animadvertit?

339 2491 374 2541 A.
392 2491 459 2540 Dicit
481 2492 503 2540 si
526 2492 660 2561 quicquam
679 2492 738 2540 mali
756 2494 796 2555 sit,
814 2494 881 2541 hunc
897 2508 952 2541 esse
970 2494 1004 2541 rei
1021 2499 1153 2541 auctorem.
1193 2492 1258 2540 Dum
1276 2498 1361 2541 autern

290 2588 373 2623 secum
385 2575 443 2638 egit,
458 2589 504 2636 per
520 2576 581 2623 duas
599 2589 684 2623 serves
704 2575 892 2637 Glyce1i‚quse,
910 2576 1009 2624 Simone
1026 2584 1051 2624 et
1069 2576 1138 2623 Davo
1154 2576 1321 2636 audientibus,
1335 2576 1362 2623 in

288 2656 330 2705 via
349 2655 491 2719 loquuntur,
512 2662 567 2705 tota
583 2671 623 2705 res
640 2658 758 2719 aperitur.
793 2658 840 2706 Sed
858 2659 920 2705 satis
937 2658 1017 2706 hodie.
1052 2658 1122 2713 Quod
1143 2657 1232 2717 reliqui
1251 2664 1297 2718 est,
1319 2658 1366 2705 all--

289 2740 389 2800 qusndo
400 2742 513 2801 nurabc,
523 2742 545 2789 si
556 2742 603 2789 tibi
614 2740 706 2803 placet.
741 2741 839 2801 Precor,
849 2747 877 2787 ut
888 2742 1039 2789 comoediam
1051 2741 1131 2801 ipsum
1143 2740 1226 2803 legas3
1240 2754 1368 2802 personas

289 2821 420 2871 distinctas
431 2829 456 2871 et
467 2823 540 2883 quasi
550 2823 629 2885 vivas,
642 2823 714 2884 sales,
727 2824 794 2871 dicta
811 2838 875 2883 quae
893 2824 974 2871 locum
990 2822 1175 2885 proverbiorum
1187 2822 1361 2883 obtinuerunt,

289 2903 395 2951 multum
407 2905 576 2954 admiraberis.
1193 2903 1220 2953 Ε.
1234 2904 1265 2952 Η.
1279 2905 1308 2953 R

292 3096 457 3140 cmm
484 3098 527 3149 [In
548 3096 667 3141 laudern
680 3098 779 3150 pontis
792 3098 934 3150 pensi1is²
947 3098 1291 3141 memmatensis-IX.
1304 3100 1369 3143 KeI

338 3172 415 3223 Jun„
430 3170 703 3215 mccczxxm
767 3196 774 3205 ι

618 3280 695 3343 Exegi
707 3280 886 3327 monimentum
899 3294 955 3327 aere
967 3280 1105 3342 perennius,

618 3362 754 3425 Regulique
766 3362 815 3409 situ
827 3363 980 3423 pyramidum
993 3363 1081 3422 altius,

617 3444 689 3501 Quod
700 3459 750 3491 non
762 3445 842 3492 imber
852 3436 922 3505 edsx,
935 3459 985 3491 non
998 3444 1088 3506 Aquilo
1100 3444 1222 3506 impotens

616 3527 700 3575 Possit
711 3527 816 3587 diruere,
829 3532 873 3573 aut
884 3526 1070 3575 innumerabilis

619 3612 747 3657 Annorum
759 3610 843 3670 series,
855 3616 881 3657 et
893 3610 954 3671 tuga
964 3608 1207 3671 temporum-Hor.
1221 3607 1240 3655 I
1243 3607 1273 3669 V,
1284 3611 1331 3659 30.

540 3737 558 3772 1.
1087 3737 1114 3773 ΙΙ.

290 3822 349 3871 Jam
360 3821 421 3870 satis
433 3820 490 3868 Riri
501 3821 604 3869 tumidis
617 3819 680 3869 Μ’
842 3821 859 3868 J
861 3836 899 3868 am
910 3822 972 3868 satis
983 3822 1051 3869 vexit
1062 3822 1172 3884 geminas
1184 3822 1215 3869 ad
1227 3835 1284 3869 oras

289 3904 399 3955 Credidit
409 3903 517 3966 lymphis
527 3904 603 3951 Peter
615 3902 660 3951 has
672 3903 780 3951 marines
844 3901 950 3948 Horrida
960 3901 1066 3963 cymba⁴
1077 3903 1163 3951 sitiens
1174 3917 1265 3952 avarus

288 3986 390 4036 Nobiles
401 3988 483 4047 urbes,
495 3985 649 4047 nebulisque,
662 3986 752 4047 ventis,
842 3984 964 4046 Impigros
975 3985 1042 4032 cives
1053 3984 1198 4047 Nodemtor,
1210 3992 1282 4035 actus

388 4068 513 4117 Grandine
524 4068 624 4130 pressit.
940 4066 1166 4117 Nummuliamore.

354 4216 363 4247 ¹
375 4217 517 4279 Reprinted,
530 4218 562 4279 by
573 4222 680 4277 request,
692 4216 759 4264 from
770 4215 827 4265 Vol.
841 4215 942 4277 l.,·with
953 4217 1118 4265 annotatione.

354 4298 364 4329 ¹
376 4299 427 4347 'l'he
438 4298 688 4361 suspensionbridge.
816 4296 826 4327 ⁸
838 4297 899 4345 East
911 4298 992 4346 River.
1117 4297 1283 4361 ‘Ferry-boat
