3334 5109
691 402 878 453 LATINE.

458 568 523 617 Dum
534 570 636 619 tandem
647 570 764 619 elatebris
775 569 927 617 revocaverit
938 584 998 617 aura
1008 570 1136 618 Favoni—

490 650 530 700 Sic
542 652 651 701 sobolem
664 666 745 701 caram
757 656 842 699 servat
853 657 968 711 amatque
979 651 1046 700 deus.

458 732 569 782 Liberior
581 748 646 783 nunc
658 734 701 781 illa
711 734 764 781 auis
775 747 843 781 nunc
854 733 946 781 lumine
956 734 1023 782 claro

490 815 578 877 Servit,
590 831 656 865 nunc
669 816 754 878 vigilat
766 830 809 863 cor
819 822 845 864 ct
857 830 941 864 amore
952 817 1022 865 calet.

457 897 594 961 Praecipue
606 898 747 957 fruiturque
758 897 805 946 deo
816 904 843 946 et
853 898 970 947 coelestia
980 904 1084 961 spectat,

490 978 553 1027 Dein
565 994 593 1027 se
605 980 636 1027 ad
648 994 691 1027 vos
703 986 804 1029 vertens
815 985 875 1028 vota
887 994 1020 1041 precesque
1030 986 1121 1028 movet.

457 1060 509 1108 Vos
522 1061 571 1109 leni
583 1062 679 1110 monitu
690 1062 722 1111 ad
733 1064 854 1111 coelestes
865 1063 941 1111 allicit
951 1077 1021 1111 cras:

490 1144 561 1199 Quod
573 1146 645 1194 robis
657 1146 724 1195 cordi
737 1152 776 1195 est
787 1160 839 1206 quo
850 1152 923 1193 vocat
934 1146 968 1194 ite
979 1144 1030 1206 pii!

291 1224 432 1285 Fsaunurs,
446 1224 475 1274 N.
490 1225 520 1275 Y.
969 1227 1008 1275 W.
1022 1227 1048 1275 ll
1062 1225 1177 1287 Wrasos,
1190 1225 1221 1274 la
1231 1229 1260 1274 A.

242 1382 269 1426 C.
285 1384 441 1429 Lambrus
456 1386 615 1441 samm.

288 1467 335 1531 (l.)
352 1471 459 1534 Laelius,
471 1474 515 1533 qui
527 1473 661 1537 Diogenem
674 1473 783 1523 Stoicum
795 1474 947 1534 adulescens,
957 1479 1014 1535 post
1023 1478 1106 1520 autem
1118 1472 1263 1521 Panaetium
1276 1488 1317 1520 au-

238 1552 327 1614 dierat,
339 1568 390 1603 non
401 1569 431 1603 eo
442 1555 524 1603 dictim
536 1562 575 1605 est
586 1556 695 1618 sepiens,
707 1556 774 1616 quod
791 1570 841 1604 non
858 1555 1012 1619 intelligeret,
1024 1555 1083 1615 quid
1095 1555 1270 1603 suavissimum
1281 1570 1318 1604 es-

239 1640 286 1697 set,
299 1636 343 1684 sed
354 1637 413 1696 quia
425 1637 495 1699 parri
507 1638 533 1685 id
544 1638 652 1687 duceret
687 1636 735 1700 (De
746 1638 787 1687 fin
802 1642 824 1699 2,
838 1636 854 1703 5
868 1637 919 1699 24.)

289 1718 336 1781 (2.)
353 1719 385 1769 lt
398 1719 460 1769 (lato
471 1726 497 1769 et
508 1720 535 1771 Ο.
549 1721 646 1770 Laelius
662 1722 787 1783 sapientes
799 1727 857 1769 sunt
869 1720 947 1769 habiti
959 1726 984 1768 et
995 1718 1122 1767 nominati
1156 1717 1206 1783 (De
1216 1720 1279 1769 offic.
1293 1723 1315 1780 3,

240 1798 258 1865 ἓ
272 1801 322 1865 16·)

290 1882 336 1947 (8.)
354 1884 386 1933 Μ.
400 1885 497 1933 Mucius
516 1900 595 1949 augur
614 1884 694 1933 multa
711 1898 813 1932 namra
831 1884 864 1932 de
881 1883 907 1932 c.
920 1882 1002 1931 Laelio
1019 1896 1104 1930 socero
1120 1895 1165 1930 suo
1177 1883 1318 1931 memoriter

240 1970 266 2013 et
283 1966 388 2016 iucunde
400 1968 497 2016 solebat
515 1982 561 2016 nec
578 1968 692 2015 dubitare
708 1966 778 2014 illum
795 1967 821 2013 in
836 1965 903 2014 omni
915 1979 1026 2013 sermone
1037 1964 1161 2026 appellare
1172 1965 1316 2027 sapientem

240 2047 326 2110 met,
340 2046 355 2114 s
370 2051 401 2113 ι)

290 2130 338 2195 (4.)
355 2131 495 2195 Sapientiae
506 2132 617 2181 studium
629 2138 700 2181 vetus
717 2130 743 2179 id
759 2130 860 2191 quidem
871 2129 898 2177 in
908 2130 1007 2191 nostris,
1019 2128 1067 2181 sed
1074 2135 1158 2177 tamen
1169 2134 1228 2177 ante
1239 2127 1316 2176 Laelii

239 2219 348 2262 aetatem
359 2222 384 2262 et
395 2213 518 2277 Scipionis
530 2230 581 2263 non
593 2214 688 2276 reperio
699 2227 762 2274 quos
774 2211 900 2275 appellare
910 2212 1003 2273 possim
1014 2211 1168 2261 nominatim.
1195 2210 1278 2273 (Tusa
1291 2213 1314 2272 4,

242 2292 258 2359 s
270 2296 306 2360 ι.)

291 2376 338 2443 (5,)
355 2378 381 2427 C.
394 2377 500 2440 Laelius,
512 2379 534 2428 is
546 2379 590 2441 qui
601 2378 705 2441 Sapiens
721 2383 864 2440 usurpatur,
876 2382 976 2438 praetor
987 2375 1018 2438 (a
1030 2391 1054 2424 u
1066 2390 1088 2425 c.
1101 2376 1161 2439 609)
1172 2374 1315 2424 Viriathum

240 2459 388 2509 Lusitanum
401 2461 477 2524 fregit
486 2467 512 2509 et
521 2461 667 2509 comminuit
679 2460 886 2520 ferocitatemque
897 2458 950 2507 eius
961 2458 997 2505 ita
1007 2457 1132 2519 repressit,
1143 2463 1171 2505 ut
1182 2456 1255 2506 facile
1267 2458 1316 2507 bel-

241 2538 293 2588 lum
306 2542 407 2603 reliquis
419 2542 537 2593 traderet.
571 2541 620 2607 (De
631 2542 694 2591 offic.
708 2546 730 2604 2,
744 2539 760 2607 5
772 2541 826 2605 40.)

290 2621 338 2688 (6.)
356 2625 391 2673 Ut
401 2640 433 2675 ex
444 2626 534 2675 bellica
545 2625 618 2675 laude
635 2626 745 2687 aspirare
761 2624 793 2672 ad
811 2623 958 2673 Africanum
975 2622 1153 2686 nemo'pctest,
1164 2624 1191 2671 in
1201 2638 1252 2685 qua
1262 2625 1318 2687 ipsa

240 2707 367 2770 egregium
379 2706 489 2756 Viriathi
500 2707 567 2757 bello
577 2708 714 2769 reperimus
725 2708 805 2755 fuisse
817 2706 935 2767 Laelium,
948 2708 984 2755 sic
1000 2707 1099 2771 ingenii,
1112 2706 1258 2768 litterarum,
1270 2708 1318 2756 elo

241 2790 366 2851 quentiae,
379 2790 517 2852 sapientiae
534 2790 642 2851 denique
653 2791 700 2839 etsi
711 2790 811 2851 utrique
822 2789 923 2851 primas,
935 2791 1028 2851 priores
1039 2795 1124 2838 tamen
1135 2788 1241 2838 libenter
1251 2790 1318 2839 dete

241 2877 300 2918 runt
312 2871 403 2921 Laelio.
427 2871 516 2935 (Brut,
531 2870 546 2937 5
559 2875 598 2921 84.
623 2872 660 2921 Cf.
674 2873 704 2921 de
716 2872 820 2933 republ
838 2875 859 2933 l,
872 2869 888 2936 5
902 2873 946 2919 18:
963 2872 1020 2919 Fuit
1031 2871 1078 2919 hoc
1089 2872 1116 2919 in
1127 2870 1236 2919 amicitia
1247 2872 1319 2932 quasi

242 2953 368 3013 quoddam
386 2954 425 3002 ius
445 2954 511 3003 inter
529 2953 669 3016 Scipionem
687 2960 712 3003 et
731 2954 850 3015 Laelium,
863 2960 891 3001 ut
907 2953 1009 3002 militiae
1020 2960 1122 3015 propter
1133 2953 1249 3002 eximiam
1261 2954 1319 3003 belli

241 3035 346 3099 gloriam
358 3036 505 3085 Africanum
524 3043 554 3085 ut
574 3037 648 3085 deum
668 3037 760 3085 coleret
779 3037 885 3098 Laelius,
903 3036 969 3084 domi
986 3035 1095 3084 vicissim
1114 3035 1233 3098 Laelium,
1250 3037 1318 3097 quod

242 3122 324 3165 aetate
335 3118 506 3181 antecedebat,
518 3120 663 3168 observaret
674 3118 700 3166 in
713 3118 824 3180 parentia
836 3119 891 3167 loco
901 3117 1002 3180 Scipio.)

291 3197 340 3264 (l.)
356 3200 505 3263 Accepimus
515 3215 530 3249 e
541 3202 655 3263 patribus
672 3202 780 3250 maxime
797 3200 979 3249 memorabilem
992 3201 1018 3249 c.
1030 3200 1107 3249 laelii
1118 3206 1145 3249 et
1156 3200 1184 3249 P.
1196 3200 1318 3262 Scipionis

241 3280 438 3331 familiaritatem
445 3282 537 3333 luisse
572 3283 648 3345 (Lael
664 3286 684 3344 l,
698 3281 762 3348 54.)

293 3361 339 3427 (8.)
356 3363 416 3433 Erat
427 3365 454 3413 in
465 3365 492 3414 0.
504 3364 589 3413 Laelio
607 3365 685 3413 multa
703 3365 823 3427 hilaritas,
836 3366 862 3413 in
879 3366 933 3413 eius
950 3364 1067 3413 familiari
1085 3364 1199 3427 Scipione
1215 3366 1319 3414 ambitio

242 3446 329 3507 maior,
342 3446 395 3495 vita
405 3446 508 3495 tristior.
543 3444 592 3509 (De
603 3446 666 3497 offic.
681 3450 702 3509 l,
715 3445 732 3512 5
747 3447 813 3511 108.)

292 3526 340 3593 (9.)
356 3528 487 3578 Praeclara
497 3535 537 3579 est
549 3529 712 3591 aequabilitas
724 3530 751 3579 in
761 3531 829 3579 omni
840 3531 893 3579 rita
903 3536 929 3579 et
940 3529 1005 3579 idem
1016 3543 1114 3590 semper
1125 3528 1207 3578 voltus
1224 3531 1319 3579 eadem·

241 3624 292 3671 que
303 3611 381 3673 frons,
393 3617 422 3660 ut
433 3612 464 3661 de
476 3611 579 3662 Socrate
590 3612 704 3673 idemque
715 3613 746 3661 de
759 3612 785 3663 L.
799 3612 882 3661 Laelio
893 3614 1038 3675 accepimus.
1073 3612 1120 3675 (De
1130 3612 1193 3662 offic.
1207 3616 1229 3675 l,
1242 3611 1320 3678 590.)

292 3690 356 3758 (10.)
373 3694 470 3743 Laelius
481 3708 581 3757 semper
591 3694 645 3743 iere
656 3708 712 3743 cum
725 3695 839 3757 Scipione
856 3695 951 3745 solebat
966 3694 1081 3743 rusticari
1095 3694 1164 3756 iique
1174 3695 1320 3744 incredibili·

243 3781 282 3824 ter
293 3790 466 3838 repuerascere
477 3782 549 3827 erant
560 3776 635 3838 soliti,
648 3790 703 3824 ctum
715 3790 758 3824 rus
769 3791 800 3826 ex
812 3778 873 3825 urbe
883 3782 1011 3838 tamquam
1021 3791 1036 3825 e
1046 3776 1135 3825 vinclis
1145 3776 1317 3825 evolavissent.

243 3856 293 3920 (De
304 3858 371 3908 Orat.
385 3861 408 3920 t,
421 3857 437 3923 5
450 3858 503 3923 22.)

293 3938 358 4003 (11.)
374 3940 400 3990 c.
413 3940 512 3989 Laelius
524 3946 550 3989 et
560 3940 589 3990 P.
597 3940 733 3989 Africanus
744 3941 771 3989 in
781 3940 869 4003 primis
880 3940 1030 4003 eloquentes,
1040 3955 1145 4001 quorum
1155 3946 1257 3990 esmant
1267 3955 1320 3988 ora·

243 4020 333 4083 tiones,
344 4036 376 4071 ex
388 4022 479 4083 quibus
490 4021 629 4071 existimari
641 4022 671 4071 de
682 4023 788 4086 ingeniis
799 4037 885 4072 eorum
896 4030 986 4086 potest
1021 4022 1111 4088 (Brut,
1125 4021 1141 4089 5
1153 4023 1203 4087 82)

294 4104 355 4168 (12.)
372 4104 568 4153 llnltioratores
579 4104 690 4166 fuemnt,
702 4111 731 4153 ut
748 4104 818 4153 illum
835 4104 974 4167 Scipionem
985 4104 1099 4154 audimus
1110 4111 1136 4153 et
1146 4104 1264 4166 laelium
1276 4105 1320 4165 qui

243 4186 329 4237 omnia
339 4201 452 4237 sermone
464 4186 615 4236 conficerent
626 4185 710 4249 paullo
721 4186 863 4249 intentiore,
874 4201 1028 4249 numquam,
1039 4193 1069 4235 ut
1078 4186 1130 4238 Ser.
1140 4186 1227 4250 Galba,
1239 4186 1320 4237 lateri-

244 4270 292 4319 bus
304 4275 348 4319 aut
359 4270 465 4321 clamore
477 4269 662 4320 contenderent.
696 4270 744 4330 (De
755 4270 823 4319 Orat.
838 4272 860 4332 l,
873 4268 889 4335 5
901 4269 969 4333 tot.)
