<?xml version="1.0" encoding="UTF-8"?>
<!DOCTYPE html PUBLIC "-//W3C//DTD XHTML 1.0 Transitional//EN"
    "http://www.w3.org/TR/xhtml1/DTD/xhtml1-transitional.dtd">
<html xmlns="http://www.w3.org/1999/xhtml" xml:lang="en" lang="en">
 <head>
  <title>
</title>
<meta http-equiv="Content-Type" content="text/html;charset=utf-8" />
  <meta name='ocr-system' content='tesseract 3.04.00' />
  <meta name='ocr-capabilities' content='ocr_page ocr_carea ocr_par ocr_line ocrx_word'/>
</head>
<body>
  <div class='ocr_page' id='page_1' title='image "./latineetgraece00unkngoog_0256.png"; bbox 0 0 3334 5109; ppageno 0'>
   <div class='ocr_carea' id='block_1_1' title="bbox 355 385 981 440">
    <p class='ocr_par' dir='ltr' id='par_1_1' title="bbox 355 385 981 440">
     <span class='ocr_line' id='line_1_1' title="bbox 355 385 981 440; baseline 0.003 -3"><span class='ocrx_word' id='word_1_1' title='bbox 355 385 431 439; x_wconf 78' lang='lat'><strong>246</strong></span> <span class='ocrx_word' id='word_1_2' title='bbox 792 388 981 440; x_wconf 81' lang='lat' dir='ltr'><strong>LATINE.</strong></span> 
     </span>
    </p>
   </div>
   <div class='ocr_carea' id='block_1_2' title="bbox 344 554 1423 4318">
    <p class='ocr_par' dir='ltr' id='par_1_2' title="bbox 349 554 1423 1311">
     <span class='ocr_line' id='line_1_2' title="bbox 353 554 1419 633; baseline -0.001 -22"><span class='ocrx_word' id='word_1_3' title='bbox 353 554 499 632; x_wconf 86' lang='lat' dir='ltr'><strong>ingenuos</strong></span> <span class='ocrx_word' id='word_1_4' title='bbox 512 554 620 613; x_wconf 82' lang='lat' dir='ltr'><strong>decent</strong></span> <span class='ocrx_word' id='word_1_5' title='bbox 633 554 754 633; x_wconf 79' lang='lat' dir='ltr'><strong>ingenui</strong></span> <span class='ocrx_word' id='word_1_6' title='bbox 769 574 872 615; x_wconf 88' lang='lat' dir='ltr'><strong>meree.</strong></span> <span class='ocrx_word' id='word_1_7' title='bbox 909 554 1034 624; x_wconf 81' lang='lat' dir='ltr'><strong>Quoties</strong></span> <span class='ocrx_word' id='word_1_8' title='bbox 1047 554 1220 632; x_wconf 86' lang='lat' dir='ltr'><strong>adloquitur</strong></span> <span class='ocrx_word' id='word_1_9' title='bbox 1233 562 1264 613; x_wconf 88' lang='lat' dir='ltr'><strong>te</strong></span> <span class='ocrx_word' id='word_1_10' title='bbox 1277 554 1419 633; x_wconf 88' lang='lat' dir='ltr'><strong>quispiam</strong></span> 
     </span>
     <span class='ocr_line' id='line_1_3' title="bbox 354 650 1422 731; baseline -0.003 -22"><span class='ocrx_word' id='word_1_11' title='bbox 354 653 402 709; x_wconf 89' lang='lat' dir='ltr'><strong>eui</strong></span> <span class='ocrx_word' id='word_1_12' title='bbox 417 652 507 710; x_wconf 87' lang='lat' dir='ltr'><strong>debes</strong></span> <span class='ocrx_word' id='word_1_13' title='bbox 517 652 667 721; x_wconf 88' lang='lat' dir='ltr'><strong>honorem,</strong></span> <span class='ocrx_word' id='word_1_14' title='bbox 679 670 822 729; x_wconf 84' lang='lat' dir='ltr'><strong>compone</strong></span> <span class='ocrx_word' id='word_1_15' title='bbox 836 658 866 709; x_wconf 89' lang='lat' dir='ltr'><strong>te</strong></span> <span class='ocrx_word' id='word_1_16' title='bbox 880 652 911 709; x_wconf 91' lang='lat' dir='ltr'><strong>in</strong></span> <span class='ocrx_word' id='word_1_17' title='bbox 926 659 1039 710; x_wconf 84' lang='lat' dir='ltr'><strong>rectum</strong></span> <span class='ocrx_word' id='word_1_18' title='bbox 1052 653 1184 731; x_wconf 85' lang='lat' dir='ltr'><strong>eorporis</strong></span> <span class='ocrx_word' id='word_1_19' title='bbox 1193 659 1310 710; x_wconf 81' lang='lat' dir='ltr'><strong>statum.</strong></span> <span class='ocrx_word' id='word_1_20' title='bbox 1338 650 1422 731; x_wconf 86' lang='lat' dir='ltr'><strong>[Hie,</strong></span> 
     </span>
     <span class='ocr_line' id='line_1_4' title="bbox 349 748 1423 823; baseline -0.001 -19"><span class='ocrx_word' id='word_1_21' title='bbox 349 749 438 823; x_wconf 75' lang='lat' dir='ltr'><strong>peoeri</strong></span> <span class='ocrx_word' id='word_1_22' title='bbox 461 749 615 821; x_wconf 62' lang='lat' dir='ltr'><strong>diligimur</strong></span> <span class='ocrx_word' id='word_1_23' title='bbox 636 749 667 805; x_wconf 91' lang='lat' dir='ltr'><strong>in</strong></span> <span class='ocrx_word' id='word_1_24' title='bbox 687 748 746 806; x_wconf 80' lang='lat' dir='ltr'><strong>acie</strong></span> <span class='ocrx_word' id='word_1_25' title='bbox 765 768 792 806; x_wconf 81' lang='lat' dir='ltr'><strong>ee</strong></span> <span class='ocrx_word' id='word_1_26' title='bbox 811 749 971 823; x_wconf 74' lang='lat' dir='ltr'><strong>disponunt</strong></span> <span class='ocrx_word' id='word_1_27' title='bbox 986 758 1013 807; x_wconf 84' lang='lat' dir='ltr'><strong>et</strong></span> <span class='ocrx_word' id='word_1_28' title='bbox 1028 757 1126 823; x_wconf 67' lang='lat' dir='ltr'><strong>yetus</strong></span> <span class='ocrx_word' id='word_1_29' title='bbox 1147 749 1284 822; x_wconf 71' lang='lat' dir='ltr'><strong>mayiatri</strong></span> <span class='ocrx_word' id='word_1_30' title='bbox 1301 748 1423 804; x_wconf 80' lang='lat' dir='ltr'><strong>ridicule</strong></span> 
     </span>
     <span class='ocr_line' id='line_1_5' title="bbox 353 843 1422 926; baseline 0 -25"><span class='ocrx_word' id='word_1_31' title='bbox 353 844 497 925; x_wconf 75' lang='lat' dir='ltr'><strong>imitant]</strong></span> <span class='ocrx_word' id='word_1_32' title='bbox 540 846 633 923; x_wconf 82' lang='lat' dir='ltr'>Aperi</span> <span class='ocrx_word' id='word_1_33' title='bbox 653 846 759 923; x_wconf 80' lang='lat' dir='ltr'><strong>eaput!</strong></span> <span class='ocrx_word' id='word_1_34' title='bbox 781 843 916 926; x_wconf 70' lang='lat' dir='ltr'><strong>[qeetnel.</strong></span> <span class='ocrx_word' id='word_1_35' title='bbox 956 846 1038 905; x_wconf 85' lang='lat' dir='ltr'><strong>Neve</strong></span> <span class='ocrx_word' id='word_1_36' title='bbox 1053 845 1189 903; x_wconf 85' lang='lat' dir='ltr'><strong>vacillate</strong></span> <span class='ocrx_word' id='word_1_37' title='bbox 1207 845 1328 903; x_wconf 83' lang='lat' dir='ltr'><strong>alternis</strong></span> <span class='ocrx_word' id='word_1_38' title='bbox 1341 844 1422 903; x_wconf 85' lang='lat' dir='ltr'><strong>tibiis</strong></span> 
     </span>
     <span class='ocr_line' id='line_1_6' title="bbox 354 939 1421 1022; baseline -0.001 -23"><span class='ocrx_word' id='word_1_39' title='bbox 354 939 477 1022; x_wconf 64' lang='lat' dir='ltr'><strong>[essene]</strong></span> <span class='ocrx_word' id='word_1_40' title='bbox 493 960 566 999; x_wconf 86' lang='lat' dir='ltr'><strong>neve</strong></span> <span class='ocrx_word' id='word_1_41' title='bbox 591 940 724 999; x_wconf 87' lang='lat' dir='ltr'><strong>mordate</strong></span> <span class='ocrx_word' id='word_1_42' title='bbox 745 941 857 999; x_wconf 82' lang='lat' dir='ltr'><strong>labrum</strong></span> <span class='ocrx_word' id='word_1_43' title='bbox 869 976 912 987; x_wconf 93' lang='lat'><strong>-·</strong></span> <span class='ocrx_word' id='word_1_44' title='bbox 925 962 999 1003; x_wconf 85' lang='lat' dir='ltr'><strong>neve</strong></span> <span class='ocrx_word' id='word_1_45' title='bbox 1013 942 1126 1001; x_wconf 89' lang='lat' dir='ltr'><strong>eeabite</strong></span> <span class='ocrx_word' id='word_1_46' title='bbox 1147 950 1285 1022; x_wconf 88' lang='lat' dir='ltr'><strong>eaput-</strong></span> <span class='ocrx_word' id='word_1_47' title='bbox 1293 961 1366 999; x_wconf 86' lang='lat' dir='ltr'><strong>neve</strong></span> <span class='ocrx_word' id='word_1_48' title='bbox 1379 942 1421 998; x_wconf 75' lang='lat' dir='ltr'><strong>io</strong></span> 
     </span>
     <span class='ocr_line' id='line_1_7' title="bbox 352 1038 1419 1118; baseline -0.001 -22"><span class='ocrx_word' id='word_1_49' title='bbox 352 1038 414 1097; x_wconf 93' lang='lat' dir='ltr'><strong>dite</strong></span> <span class='ocrx_word' id='word_1_50' title='bbox 438 1058 530 1097; x_wconf 87' lang='lat' dir='ltr'><strong>aures.</strong></span> <span class='ocrx_word' id='word_1_51' title='bbox 575 1038 674 1095; x_wconf 85' lang='lat' dir='ltr'><strong>Vestis</strong></span> <span class='ocrx_word' id='word_1_52' title='bbox 697 1039 768 1097; x_wconf 88' lang='lat' dir='ltr'><strong>item</strong></span> <span class='ocrx_word' id='word_1_53' title='bbox 790 1039 828 1097; x_wconf 86' lang='lat' dir='ltr'><strong>ed</strong></span> <span class='ocrx_word' id='word_1_54' title='bbox 851 1040 991 1099; x_wconf 84' lang='lat' dir='ltr'><strong>decorum</strong></span> <span class='ocrx_word' id='word_1_55' title='bbox 1011 1047 1207 1118; x_wconf 74' lang='lat' dir='ltr'><strong>componatur</strong></span> <span class='ocrx_word' id='word_1_56' title='bbox 1220 1046 1255 1097; x_wconf 91' lang='lat' dir='ltr'><strong>ut</strong></span> <span class='ocrx_word' id='word_1_57' title='bbox 1268 1045 1348 1097; x_wconf 86' lang='lat' dir='ltr'><strong>totus</strong></span> <span class='ocrx_word' id='word_1_58' title='bbox 1361 1038 1419 1096; x_wconf 87' lang='lat' dir='ltr'><strong>cul·</strong></span> 
     </span>
     <span class='ocr_line' id='line_1_8' title="bbox 352 1134 1419 1216; baseline 0 -23"><span class='ocrx_word' id='word_1_59' title='bbox 352 1141 407 1206; x_wconf 87' lang='lat' dir='ltr'><strong>tus,</strong></span> <span class='ocrx_word' id='word_1_60' title='bbox 423 1134 528 1204; x_wconf 85' lang='lat' dir='ltr'><strong>vultus,</strong></span> <span class='ocrx_word' id='word_1_61' title='bbox 537 1142 645 1213; x_wconf 83' lang='lat' dir='ltr'><strong>gestus,</strong></span> <span class='ocrx_word' id='word_1_62' title='bbox 658 1134 774 1193; x_wconf 78' lang='lat' dir='ltr'><strong>habitus</strong></span> <span class='ocrx_word' id='word_1_63' title='bbox 788 1139 918 1216; x_wconf 86' lang='lat' dir='ltr'><strong>corporis</strong></span> <span class='ocrx_word' id='word_1_64' title='bbox 931 1139 1091 1215; x_wconf 83' lang='lat' dir='ltr'><strong>ingenuam</strong></span> <span class='ocrx_word' id='word_1_65' title='bbox 1106 1137 1283 1195; x_wconf 75' lang='lat' dir='ltr'><strong>modestiam</strong></span> <span class='ocrx_word' id='word_1_66' title='bbox 1297 1144 1329 1195; x_wconf 91' lang='lat' dir='ltr'><strong>et</strong></span> <span class='ocrx_word' id='word_1_67' title='bbox 1341 1155 1419 1193; x_wconf 85' lang='lat' dir='ltr'><strong>vere·</strong></span> 
     </span>
     <span class='ocr_line' id='line_1_9' title="bbox 351 1231 845 1311; baseline 0.008 -21"><span class='ocrx_word' id='word_1_68' title='bbox 351 1232 476 1291; x_wconf 78' lang='lat' dir='ltr'><strong>eundem</strong></span> <span class='ocrx_word' id='word_1_69' title='bbox 492 1231 622 1290; x_wconf 77' lang='lat' dir='ltr'><strong>indolem</strong></span> <span class='ocrx_word' id='word_1_70' title='bbox 637 1252 706 1311; x_wconf 84' lang='lat' dir='ltr'><strong>prae</strong></span> <span class='ocrx_word' id='word_1_71' title='bbox 720 1253 751 1291; x_wconf 89' lang='lat' dir='ltr'><strong>se</strong></span> <span class='ocrx_word' id='word_1_72' title='bbox 766 1234 845 1295; x_wconf 77' lang='lat' dir='ltr'><strong>serat.</strong></span> 
     </span>
    </p>

    <p class='ocr_par' dir='ltr' id='par_1_3' title="bbox 411 1328 849 1405">
     <span class='ocr_line' id='line_1_10' title="bbox 411 1328 849 1405; baseline 0.011 -19"><span class='ocrx_word' id='word_1_73' title='bbox 411 1330 489 1405; x_wconf 68' lang='lat' dir='ltr'><strong>Edq.</strong></span> <span class='ocrx_word' id='word_1_74' title='bbox 513 1328 601 1402; x_wconf 85' lang='lat' dir='ltr'><strong>Quid,</strong></span> <span class='ocrx_word' id='word_1_75' title='bbox 616 1330 642 1387; x_wconf 90' lang='lat' dir='ltr'><strong>si</strong></span> <span class='ocrx_word' id='word_1_76' title='bbox 655 1330 849 1391; x_wconf 86' lang='lat' dir='ltr'><strong>meditemurl</strong></span> 
     </span>
    </p>

    <p class='ocr_par' dir='ltr' id='par_1_4' title="bbox 412 1427 596 1485">
     <span class='ocr_line' id='line_1_11' title="bbox 412 1427 596 1485; baseline 0.011 -2"><span class='ocrx_word' id='word_1_77' title='bbox 412 1427 466 1485; x_wconf 90' lang='lat' dir='ltr'><strong>Pr.</strong></span> <span class='ocrx_word' id='word_1_78' title='bbox 490 1427 596 1485; x_wconf 82' lang='lat' dir='ltr'><strong>Facite.</strong></span> 
     </span>
    </p>

    <p class='ocr_par' dir='ltr' id='par_1_5' title="bbox 410 1523 1217 1606">
     <span class='ocr_line' id='line_1_12' title="bbox 410 1523 1217 1606; baseline 0.001 -25"><span class='ocrx_word' id='word_1_79' title='bbox 410 1524 504 1582; x_wconf 77' lang='lat' dir='ltr'><strong>Pueri</strong></span> <span class='ocrx_word' id='word_1_80' title='bbox 517 1544 620 1583; x_wconf 77' lang='lat' dir='ltr'><strong>omnes.</strong></span> <span class='ocrx_word' id='word_1_81' title='bbox 643 1523 740 1606; x_wconf 79' lang='lat' dir='ltr'><strong>[Dum</strong></span> <span class='ocrx_word' id='word_1_82' title='bbox 752 1523 987 1605; x_wconf 64' lang='lat' dir='ltr'><strong>yertienlunturJ</strong></span> <span class='ocrx_word' id='word_1_83' title='bbox 1010 1524 1109 1583; x_wconf 83' lang='lat' dir='ltr'><strong>Sicine</strong></span> <span class='ocrx_word' id='word_1_84' title='bbox 1123 1525 1217 1582; x_wconf 82' lang='lat' dir='ltr'><strong>satiei</strong></span> 
     </span>
    </p>

    <p class='ocr_par' dir='ltr' id='par_1_6' title="bbox 412 1622 641 1681">
     <span class='ocr_line' id='line_1_13' title="bbox 412 1622 641 1681; baseline 0.009 -2"><span class='ocrx_word' id='word_1_85' title='bbox 412 1623 466 1681; x_wconf 88' lang='lat' dir='ltr'><strong>Pr.</strong></span> <span class='ocrx_word' id='word_1_86' title='bbox 490 1622 641 1681; x_wconf 90' lang='lat' dir='ltr'><strong>Nondum.</strong></span> 
     </span>
    </p>

    <p class='ocr_par' dir='ltr' id='par_1_7' title="bbox 409 1714 1347 1799">
     <span class='ocr_line' id='line_1_14' title="bbox 409 1714 1347 1799; baseline -0.004 -22"><span class='ocrx_word' id='word_1_87' title='bbox 409 1720 512 1777; x_wconf 79' lang='lat' dir='ltr'><strong>Pueri.</strong></span> <span class='ocrx_word' id='word_1_88' title='bbox 534 1717 613 1788; x_wconf 85' lang='lat' dir='ltr'>Quid</span> <span class='ocrx_word' id='word_1_89' title='bbox 627 1720 651 1777; x_wconf 85' lang='lat' dir='ltr'><strong>si</strong></span> <span class='ocrx_word' id='word_1_90' title='bbox 665 1720 725 1777; x_wconf 80' lang='lat' dir='ltr'><strong>sici</strong></span> <span class='ocrx_word' id='word_1_91' title='bbox 753 1716 904 1799; x_wconf 76' lang='lat' dir='ltr'><strong>[Alterum</strong></span> <span class='ocrx_word' id='word_1_92' title='bbox 915 1728 1029 1793; x_wconf 61' lang='lat' dir='ltr'><strong>eertum</strong></span> <span class='ocrx_word' id='word_1_93' title='bbox 1042 1720 1192 1777; x_wconf 74' lang='lat' dir='ltr'><strong>ludicrum</strong></span> <span class='ocrx_word' id='word_1_94' title='bbox 1198 1714 1347 1796; x_wconf 73' lang='lat' dir='ltr'><strong>saciant]</strong></span> 
     </span>
    </p>

    <p class='ocr_par' dir='ltr' id='par_1_8' title="bbox 374 1811 1239 1894">
     <span class='ocr_line' id='line_1_15' title="bbox 374 1811 1239 1894; baseline 0.003 -22"><span class='ocrx_word' id='word_1_95' title='bbox 374 1822 382 1845; x_wconf 59' lang='lat'>⁸</span> <span class='ocrx_word' id='word_1_96' title='bbox 410 1816 466 1875; x_wconf 88' lang='lat' dir='ltr'><strong>Pr.</strong></span> <span class='ocrx_word' id='word_1_97' title='bbox 489 1815 715 1894; x_wconf 80' lang='lat' dir='ltr'><strong>Propemodum.</strong></span> <span class='ocrx_word' id='word_1_98' title='bbox 1236 1811 1239 1814; x_wconf 38' lang='lat'><strong><em>⁵</em></strong></span> 
     </span>
    </p>

    <p class='ocr_par' dir='ltr' id='par_1_9' title="bbox 410 1911 726 1981">
     <span class='ocr_line' id='line_1_16' title="bbox 410 1911 726 1981; baseline 0.003 -11"><span class='ocrx_word' id='word_1_99' title='bbox 410 1913 513 1973; x_wconf 77' lang='lat' dir='ltr'><strong>Pueri.</strong></span> <span class='ocrx_word' id='word_1_100' title='bbox 536 1911 616 1981; x_wconf 82' lang='lat' dir='ltr'><strong>Quid</strong></span> <span class='ocrx_word' id='word_1_101' title='bbox 629 1912 654 1970; x_wconf 87' lang='lat' dir='ltr'><strong>si</strong></span> <span class='ocrx_word' id='word_1_102' title='bbox 668 1913 726 1971; x_wconf 80' lang='lat' dir='ltr'><strong>sini</strong></span> 
     </span>
    </p>

    <p class='ocr_par' dir='ltr' id='par_1_10' title="bbox 346 2007 1417 2670">
     <span class='ocr_line' id='line_1_17' title="bbox 409 2007 1417 2086; baseline -0.002 -19"><span class='ocrx_word' id='word_1_103' title='bbox 409 2010 463 2071; x_wconf 88' lang='lat' dir='ltr'><strong>Pr.</strong></span> <span class='ocrx_word' id='word_1_104' title='bbox 486 2010 578 2081; x_wconf 84' lang='lat' dir='ltr'><strong>Heus,</strong></span> <span class='ocrx_word' id='word_1_105' title='bbox 594 2011 664 2067; x_wconf 86' lang='lat' dir='ltr'><strong>setis</strong></span> <span class='ocrx_word' id='word_1_106' title='bbox 677 2017 738 2068; x_wconf 87' lang='lat' dir='ltr'><strong>est:</strong></span> <span class='ocrx_word' id='word_1_107' title='bbox 760 2010 816 2068; x_wconf 88' lang='lat' dir='ltr'><strong>hoe</strong></span> <span class='ocrx_word' id='word_1_108' title='bbox 830 2018 929 2068; x_wconf 90' lang='lat' dir='ltr'><strong>tenete</strong></span> <span class='ocrx_word' id='word_1_109' title='bbox 953 2028 990 2066; x_wconf 89' lang='lat' dir='ltr'><strong>ne</strong></span> <span class='ocrx_word' id='word_1_110' title='bbox 1007 2008 1075 2066; x_wconf 86' lang='lat' dir='ltr'><strong>sitis</strong></span> <span class='ocrx_word' id='word_1_111' title='bbox 1096 2009 1196 2086; x_wconf 88' lang='lat' dir='ltr'><strong>inepte</strong></span> <span class='ocrx_word' id='word_1_112' title='bbox 1215 2007 1353 2085; x_wconf 75' lang='lat' dir='ltr'><strong>loquaces</strong></span> <span class='ocrx_word' id='word_1_113' title='bbox 1366 2014 1417 2065; x_wconf 91' lang='lat' dir='ltr'><strong>aut</strong></span> 
     </span>
     <span class='ocr_line' id='line_1_18' title="bbox 349 2103 1417 2186; baseline -0.005 -21"><span class='ocrx_word' id='word_1_114' title='bbox 349 2107 532 2186; x_wconf 80' lang='lat' dir='ltr'><strong>praecipites.</strong></span> <span class='ocrx_word' id='word_1_115' title='bbox 570 2106 651 2164; x_wconf 85' lang='lat' dir='ltr'><strong>Neve</strong></span> <span class='ocrx_word' id='word_1_116' title='bbox 660 2114 780 2185; x_wconf 87' lang='lat' dir='ltr'><strong>vagetur</strong></span> <span class='ocrx_word' id='word_1_117' title='bbox 793 2108 925 2165; x_wconf 88' lang='lat' dir='ltr'><strong>animum</strong></span> <span class='ocrx_word' id='word_1_118' title='bbox 937 2106 1065 2176; x_wconf 87' lang='lat' dir='ltr'><strong>interim,</strong></span> <span class='ocrx_word' id='word_1_119' title='bbox 1077 2105 1130 2163; x_wconf 86' lang='lat' dir='ltr'><strong>sed</strong></span> <span class='ocrx_word' id='word_1_120' title='bbox 1143 2105 1184 2162; x_wconf 87' lang='lat' dir='ltr'><strong>sis</strong></span> <span class='ocrx_word' id='word_1_121' title='bbox 1198 2111 1335 2176; x_wconf 87' lang='lat' dir='ltr'><strong>attentus,</strong></span> <span class='ocrx_word' id='word_1_122' title='bbox 1345 2103 1417 2181; x_wconf 88' lang='lat' dir='ltr'><strong>quid</strong></span> 
     </span>
     <span class='ocr_line' id='line_1_19' title="bbox 348 2202 1417 2282; baseline -0.004 -20"><span class='ocrx_word' id='word_1_123' title='bbox 348 2204 422 2263; x_wconf 82' lang='lat' dir='ltr'><strong>alter</strong></span> <span class='ocrx_word' id='word_1_124' title='bbox 437 2204 524 2261; x_wconf 77' lang='lat' dir='ltr'><strong>dieat</strong></span> <span class='ocrx_word' id='word_1_125' title='bbox 568 2203 600 2260; x_wconf 86' lang='lat' dir='ltr'><strong>Si</strong></span> <span class='ocrx_word' id='word_1_126' title='bbox 615 2203 687 2281; x_wconf 88' lang='lat' dir='ltr'><strong>qnid</strong></span> <span class='ocrx_word' id='word_1_127' title='bbox 708 2205 763 2263; x_wconf 90' lang='lat' dir='ltr'><strong>erit</strong></span> <span class='ocrx_word' id='word_1_128' title='bbox 781 2202 1018 2282; x_wconf 88' lang='lat' dir='ltr'><strong>respondendnm</strong></span> <span class='ocrx_word' id='word_1_129' title='bbox 1039 2202 1071 2259; x_wconf 94' lang='lat' dir='ltr'><strong>id</strong></span> <span class='ocrx_word' id='word_1_130' title='bbox 1085 2202 1173 2259; x_wconf 83' lang='lat' dir='ltr'><strong>iaeito</strong></span> <span class='ocrx_word' id='word_1_131' title='bbox 1187 2202 1290 2280; x_wconf 87' lang='lat' dir='ltr'><strong>paneis</strong></span> <span class='ocrx_word' id='word_1_132' title='bbox 1303 2221 1336 2259; x_wconf 85' lang='lat' dir='ltr'><strong>ae</strong></span> <span class='ocrx_word' id='word_1_133' title='bbox 1349 2220 1417 2277; x_wconf 89' lang='lat' dir='ltr'><strong>pru·</strong></span> 
     </span>
     <span class='ocr_line' id='line_1_20' title="bbox 348 2286 1415 2379; baseline -0.005 -19"><span class='ocrx_word' id='word_1_134' title='bbox 348 2302 469 2374; x_wconf 74' lang='lat' dir='ltr'><strong>denter,</strong></span> <span class='ocrx_word' id='word_1_135' title='bbox 485 2301 634 2359; x_wconf 87' lang='lat' dir='ltr'><strong>interdum</strong></span> <span class='ocrx_word' id='word_1_136' title='bbox 649 2300 797 2379; x_wconf 79' lang='lat' dir='ltr'><strong>praefatus</strong></span> <span class='ocrx_word' id='word_1_137' title='bbox 810 2300 962 2371; x_wconf 85' lang='lat' dir='ltr'><strong>honorem,</strong></span> <span class='ocrx_word' id='word_1_138' title='bbox 973 2286 1194 2376; x_wconf 86' lang='lat' dir='ltr'><strong>nonnumquam</strong></span> <span class='ocrx_word' id='word_1_139' title='bbox 1209 2300 1298 2357; x_wconf 90' lang='lat' dir='ltr'><strong>etiam</strong></span> <span class='ocrx_word' id='word_1_140' title='bbox 1312 2298 1415 2356; x_wconf 88' lang='lat' dir='ltr'><strong>addito</strong></span> 
     </span>
     <span class='ocr_line' id='line_1_21' title="bbox 349 2394 1417 2475; baseline -0.003 -19"><span class='ocrx_word' id='word_1_141' title='bbox 349 2399 524 2475; x_wconf 83' lang='lat' dir='ltr'><strong>cognomine</strong></span> <span class='ocrx_word' id='word_1_142' title='bbox 533 2396 654 2455; x_wconf 79' lang='lat' dir='ltr'><strong>honoris</strong></span> <span class='ocrx_word' id='word_1_143' title='bbox 665 2397 766 2474; x_wconf 82' lang='lat' dir='ltr'><strong>gratia</strong></span> <span class='ocrx_word' id='word_1_144' title='bbox 803 2396 890 2453; x_wconf 87' lang='lat' dir='ltr'><strong>Nune</strong></span> <span class='ocrx_word' id='word_1_145' title='bbox 900 2396 996 2474; x_wconf 84' lang='lat' dir='ltr'><strong>agite!</strong></span> <span class='ocrx_word' id='word_1_146' title='bbox 1023 2394 1181 2474; x_wconf 86' lang='lat' dir='ltr'><strong>Speeimen</strong></span> <span class='ocrx_word' id='word_1_147' title='bbox 1195 2395 1316 2474; x_wconf 88' lang='lat' dir='ltr'><strong>aliquod</strong></span> <span class='ocrx_word' id='word_1_148' title='bbox 1329 2395 1417 2472; x_wconf 86' lang='lat' dir='ltr'><strong>hujus</strong></span> 
     </span>
     <span class='ocr_line' id='line_1_22' title="bbox 348 2491 1415 2573; baseline -0.002 -22"><span class='ocrx_word' id='word_1_149' title='bbox 348 2495 390 2552; x_wconf 90' lang='lat' dir='ltr'><strong>rei</strong></span> <span class='ocrx_word' id='word_1_150' title='bbox 411 2493 496 2551; x_wconf 84' lang='lat' dir='ltr'><strong>nobis</strong></span> <span class='ocrx_word' id='word_1_151' title='bbox 519 2492 673 2572; x_wconf 85' lang='lat' dir='ltr'><strong>praebetel</strong></span> <span class='ocrx_word' id='word_1_152' title='bbox 715 2491 865 2573; x_wconf 68' lang='lat' dir='ltr'><strong>[Exempli</strong></span> <span class='ocrx_word' id='word_1_153' title='bbox 884 2493 984 2566; x_wconf 63' lang='lat' dir='ltr'><strong>qratia</strong></span> <span class='ocrx_word' id='word_1_154' title='bbox 998 2491 1194 2573; x_wconf 72' lang='lat' dir='ltr'><strong>adloq1eitur.]</strong></span> <span class='ocrx_word' id='word_1_155' title='bbox 1238 2498 1256 2525; x_wconf 85' lang='lat'><strong>“</strong></span> <span class='ocrx_word' id='word_1_156' title='bbox 1268 2491 1415 2562; x_wconf 78' lang='lat' dir='ltr'><strong>Quantum</strong></span> 
     </span>
     <span class='ocr_line' id='line_1_23' title="bbox 346 2588 994 2670; baseline -0.003 -21"><span class='ocrx_word' id='word_1_157' title='bbox 346 2592 489 2670; x_wconf 87' lang='lat' dir='ltr'><strong>temporis</strong></span> <span class='ocrx_word' id='word_1_158' title='bbox 511 2590 632 2648; x_wconf 83' lang='lat' dir='ltr'><strong>abfuisti</strong></span> <span class='ocrx_word' id='word_1_159' title='bbox 646 2610 663 2647; x_wconf 98' lang='lat' dir='ltr'><strong>a</strong></span> <span class='ocrx_word' id='word_1_160' title='bbox 676 2591 813 2648; x_wconf 88' lang='lat' dir='ltr'><strong>maternis</strong></span> <span class='ocrx_word' id='word_1_161' title='bbox 827 2588 994 2648; x_wconf 84' lang='lat' dir='ltr'><strong>aedibusl”</strong></span> 
     </span>
    </p>

    <p class='ocr_par' dir='ltr' id='par_1_11' title="bbox 347 2683 1412 2845">
     <span class='ocr_line' id='line_1_24' title="bbox 408 2683 1412 2767; baseline -0.003 -22"><span class='ocrx_word' id='word_1_162' title='bbox 408 2688 510 2745; x_wconf 77' lang='lat' dir='ltr'><strong>Pueri.</strong></span> <span class='ocrx_word' id='word_1_163' title='bbox 534 2686 730 2767; x_wconf 62' lang='lat' dir='ltr'><strong>[Solemnien</strong></span> <span class='ocrx_word' id='word_1_164' title='bbox 763 2707 827 2745; x_wconf 76' lang='lat' dir='ltr'><strong>eum</strong></span> <span class='ocrx_word' id='word_1_165' title='bbox 861 2687 1013 2762; x_wconf 78' lang='lat' dir='ltr'><strong>profunda</strong></span> <span class='ocrx_word' id='word_1_166' title='bbox 1041 2686 1228 2744; x_wconf 78' lang='lat' dir='ltr'><strong>inclinatione</strong></span> <span class='ocrx_word' id='word_1_167' title='bbox 1262 2683 1412 2764; x_wconf 64' lang='lat' dir='ltr'><strong>eorporis]</strong></span> 
     </span>
     <span class='ocr_line' id='line_1_25' title="bbox 347 2784 721 2845; baseline 0.003 -1"><span class='ocrx_word' id='word_1_168' title='bbox 347 2784 366 2844; x_wconf 84' lang='lat' dir='ltr'>J</span> <span class='ocrx_word' id='word_1_169' title='bbox 368 2805 416 2843; x_wconf 87' lang='lat' dir='ltr'><strong>am</strong></span> <span class='ocrx_word' id='word_1_170' title='bbox 430 2805 480 2843; x_wconf 86' lang='lat' dir='ltr'><strong>sex</strong></span> <span class='ocrx_word' id='word_1_171' title='bbox 495 2784 586 2843; x_wconf 82' lang='lat' dir='ltr'><strong>ferme</strong></span> <span class='ocrx_word' id='word_1_172' title='bbox 600 2803 721 2845; x_wconf 85' lang='lat' dir='ltr'><strong>menses.</strong></span> 
     </span>
    </p>

    <p class='ocr_par' dir='ltr' id='par_1_12' title="bbox 407 2878 1142 2962">
     <span class='ocr_line' id='line_1_26' title="bbox 407 2878 1142 2962; baseline 0 -23"><span class='ocrx_word' id='word_1_173' title='bbox 407 2882 461 2941; x_wconf 82' lang='lat' dir='ltr'><strong>Pr.</strong></span> <span class='ocrx_word' id='word_1_174' title='bbox 485 2878 687 2962; x_wconf 66' lang='lat' dir='ltr'><strong>[Indiynana]</strong></span> <span class='ocrx_word' id='word_1_175' title='bbox 722 2880 904 2939; x_wconf 87' lang='lat' dir='ltr'><strong>Addendnm</strong></span> <span class='ocrx_word' id='word_1_176' title='bbox 918 2888 989 2953; x_wconf 88' lang='lat' dir='ltr'><strong>erat,</strong></span> <span class='ocrx_word' id='word_1_177' title='bbox 1004 2878 1142 2939; x_wconf 84' lang='lat' dir='ltr'><strong>domine!</strong></span> 
     </span>
    </p>

    <p class='ocr_par' dir='ltr' id='par_1_13' title="bbox 408 2976 1158 3050">
     <span class='ocr_line' id='line_1_27' title="bbox 408 2976 1158 3050; baseline -0.004 -11"><span class='ocrx_word' id='word_1_178' title='bbox 408 2980 509 3039; x_wconf 81' lang='lat' dir='ltr'><strong>Pueri.</strong></span> <span class='ocrx_word' id='word_1_179' title='bbox 531 2978 599 3037; x_wconf 83' lang='lat' dir='ltr'><strong>Jem</strong></span> <span class='ocrx_word' id='word_1_180' title='bbox 613 2998 663 3037; x_wconf 82' lang='lat' dir='ltr'><strong>sex</strong></span> <span class='ocrx_word' id='word_1_181' title='bbox 676 2978 769 3035; x_wconf 83' lang='lat' dir='ltr'><strong>ferme</strong></span> <span class='ocrx_word' id='word_1_182' title='bbox 784 2997 906 3050; x_wconf 83' lang='lat' dir='ltr'><strong>menses,</strong></span> <span class='ocrx_word' id='word_1_183' title='bbox 922 2976 1112 3036; x_wconf 85' lang='lat' dir='ltr'><strong>“DOMINE</strong></span> <span class='ocrx_word' id='word_1_184' title='bbox 1122 2978 1130 3037; x_wconf 94' lang='lat' dir='ltr'><strong>l</strong></span> <span class='ocrx_word' id='word_1_185' title='bbox 1140 2977 1158 3004; x_wconf 87' lang='lat'><strong>”</strong></span> 
     </span>
    </p>

    <p class='ocr_par' dir='ltr' id='par_1_14' title="bbox 407 3074 1051 3153">
     <span class='ocr_line' id='line_1_28' title="bbox 407 3074 1051 3153; baseline -0.002 -20"><span class='ocrx_word' id='word_1_186' title='bbox 407 3078 461 3135; x_wconf 84' lang='lat' dir='ltr'><strong>Pr.</strong></span> <span class='ocrx_word' id='word_1_187' title='bbox 485 3084 502 3109; x_wconf 86' lang='lat'><strong>“</strong></span> <span class='ocrx_word' id='word_1_188' title='bbox 515 3076 584 3133; x_wconf 90' lang='lat' dir='ltr'><strong>Non</strong></span> <span class='ocrx_word' id='word_1_189' title='bbox 598 3076 727 3153; x_wconf 87' lang='lat' dir='ltr'><strong>tangeris</strong></span> <span class='ocrx_word' id='word_1_190' title='bbox 741 3075 887 3133; x_wconf 86' lang='lat' dir='ltr'><strong>desiderio</strong></span> <span class='ocrx_word' id='word_1_191' title='bbox 903 3075 1004 3133; x_wconf 86' lang='lat' dir='ltr'><strong>matris</strong></span> <span class='ocrx_word' id='word_1_192' title='bbox 1013 3076 1024 3132; x_wconf 86' lang='lat' dir='ltr'><strong>l</strong></span> <span class='ocrx_word' id='word_1_193' title='bbox 1033 3074 1051 3102; x_wconf 88' lang='grc'>”</span> 
     </span>
    </p>

    <p class='ocr_par' dir='ltr' id='par_1_15' title="bbox 408 3172 843 3249">
     <span class='ocr_line' id='line_1_29' title="bbox 408 3172 843 3249; baseline 0.002 -19"><span class='ocrx_word' id='word_1_194' title='bbox 408 3174 509 3231; x_wconf 79' lang='lat' dir='ltr'><strong>Pueri.</strong></span> <span class='ocrx_word' id='word_1_195' title='bbox 533 3172 751 3249; x_wconf 87' lang='lat' dir='ltr'><strong>Nonnunquam</strong></span> <span class='ocrx_word' id='word_1_196' title='bbox 765 3190 843 3232; x_wconf 81' lang='lat' dir='ltr'><strong>sene.</strong></span> 
     </span>
    </p>

    <p class='ocr_par' dir='ltr' id='par_1_16' title="bbox 407 3266 908 3348">
     <span class='ocr_line' id='line_1_30' title="bbox 407 3266 908 3348; baseline -0.004 -21"><span class='ocrx_word' id='word_1_197' title='bbox 407 3270 462 3329; x_wconf 86' lang='lat' dir='ltr'><strong>Pr.</strong></span> <span class='ocrx_word' id='word_1_198' title='bbox 486 3275 503 3302; x_wconf 80' lang='lat'><strong>‘⁴</strong></span> <span class='ocrx_word' id='word_1_199' title='bbox 515 3268 645 3348; x_wconf 84' lang='lat' dir='ltr'><strong>Cupisne</strong></span> <span class='ocrx_word' id='word_1_200' title='bbox 659 3288 723 3327; x_wconf 84' lang='lat' dir='ltr'><strong>eem</strong></span> <span class='ocrx_word' id='word_1_201' title='bbox 736 3266 908 3327; x_wconf 84' lang='lat' dir='ltr'><strong>reviserel&#39;’</strong></span> 
     </span>
    </p>

    <p class='ocr_par' dir='ltr' id='par_1_17' title="bbox 345 3363 1414 3544">
     <span class='ocr_line' id='line_1_31' title="bbox 406 3363 1414 3446; baseline -0.002 -21"><span class='ocrx_word' id='word_1_202' title='bbox 406 3367 508 3427; x_wconf 80' lang='lat' dir='ltr'><strong>Pueri.</strong></span> <span class='ocrx_word' id='word_1_203' title='bbox 531 3366 1316 3445; x_wconf 69' lang='lat' dir='ltr'><strong>Cupimus,domine,sr-m—rsca-nresnr—rnn</strong></span> <span class='ocrx_word' id='word_1_204' title='bbox 1345 3363 1414 3446; x_wconf 77' lang='lat' dir='ltr'><strong>[lie</strong></span> 
     </span>
     <span class='ocr_line' id='line_1_32' title="bbox 345 3462 1014 3544; baseline -0.001 -21"><span class='ocrx_word' id='word_1_205' title='bbox 345 3462 492 3544; x_wconf 77' lang='lat' dir='ltr'><strong>aeramen]</strong></span> <span class='ocrx_word' id='word_1_206' title='bbox 1011 3502 1014 3505; x_wconf 56' lang='lat'><strong>&gt;</strong></span> 
     </span>
    </p>

    <p class='ocr_par' dir='ltr' id='par_1_18' title="bbox 345 3556 1414 3813">
     <span class='ocr_line' id='line_1_33' title="bbox 406 3556 1414 3639; baseline -0.005 -19"><span class='ocrx_word' id='word_1_207' title='bbox 406 3562 460 3620; x_wconf 88' lang='lat' dir='ltr'><strong>Pr.</strong></span> <span class='ocrx_word' id='word_1_208' title='bbox 485 3561 513 3619; x_wconf 93' lang='lat' dir='ltr'>N</span> <span class='ocrx_word' id='word_1_209' title='bbox 515 3582 571 3620; x_wconf 87' lang='lat' dir='ltr'><strong>une</strong></span> <span class='ocrx_word' id='word_1_210' title='bbox 586 3560 760 3619; x_wconf 86' lang='lat' dir='ltr'><strong>flectendum</strong></span> <span class='ocrx_word' id='word_1_211' title='bbox 776 3568 838 3619; x_wconf 87' lang='lat' dir='ltr'><strong>erat</strong></span> <span class='ocrx_word' id='word_1_212' title='bbox 850 3561 946 3639; x_wconf 83' lang='lat' dir='ltr'><strong>genul</strong></span> <span class='ocrx_word' id='word_1_213' title='bbox 989 3556 1098 3639; x_wconf 83' lang='lat' dir='ltr'><strong>[Pueri</strong></span> <span class='ocrx_word' id='word_1_214' title='bbox 1110 3559 1252 3615; x_wconf 77' lang='lat' dir='ltr'><strong>instanter</strong></span> <span class='ocrx_word' id='word_1_215' title='bbox 1262 3578 1338 3633; x_wconf 69' lang='lat' dir='ltr'><strong>qenai</strong></span> <span class='ocrx_word' id='word_1_216' title='bbox 1345 3559 1414 3635; x_wconf 75' lang='lat' dir='ltr'><strong>flee-</strong></span> 
     </span>
     <span class='ocr_line' id='line_1_34' title="bbox 346 3655 1414 3738; baseline -0.005 -20"><span class='ocrx_word' id='word_1_217' title='bbox 346 3669 412 3719; x_wconf 76' lang='lat' dir='ltr'><strong>tunt</strong></span> <span class='ocrx_word' id='word_1_218' title='bbox 424 3656 698 3738; x_wconf 68' lang='lat' dir='ltr'><strong>obsequentissime]</strong></span> <span class='ocrx_word' id='word_1_219' title='bbox 742 3657 869 3717; x_wconf 79' lang='lat' dir='ltr'><strong>Benene</strong></span> <span class='ocrx_word' id='word_1_220' title='bbox 882 3656 990 3716; x_wconf 80' lang='lat' dir='ltr'><strong>habetl</strong></span> <span class='ocrx_word' id='word_1_221' title='bbox 1031 3656 1082 3715; x_wconf 87' lang='lat' dir='ltr'><strong>Sie</strong></span> <span class='ocrx_word' id='word_1_222' title='bbox 1095 3656 1218 3735; x_wconf 82' lang='lat' dir='ltr'><strong>pergite.</strong></span> <span class='ocrx_word' id='word_1_223' title='bbox 1258 3655 1367 3714; x_wconf 88' lang='lat' dir='ltr'><strong>Videte</strong></span> <span class='ocrx_word' id='word_1_224' title='bbox 1380 3662 1414 3713; x_wconf 88' lang='lat' dir='ltr'><strong>ut</strong></span> 
     </span>
     <span class='ocr_line' id='line_1_35' title="bbox 345 3755 684 3813; baseline 0.003 -1"><span class='ocrx_word' id='word_1_225' title='bbox 345 3755 450 3813; x_wconf 90' lang='lat' dir='ltr'><strong>horum</strong></span> <span class='ocrx_word' id='word_1_226' title='bbox 466 3756 684 3813; x_wconf 89' lang='lat' dir='ltr'><strong>meminemini!</strong></span> 
     </span>
    </p>

    <p class='ocr_par' dir='ltr' id='par_1_19' title="bbox 405 3850 1411 3930">
     <span class='ocr_line' id='line_1_36' title="bbox 405 3850 1411 3930; baseline -0.001 -21"><span class='ocrx_word' id='word_1_227' title='bbox 405 3852 519 3927; x_wconf 66' lang='lat' dir='ltr'><strong>Edyar.</strong></span> <span class='ocrx_word' id='word_1_228' title='bbox 542 3850 671 3909; x_wconf 84' lang='lat' dir='ltr'><strong>Dabitur</strong></span> <span class='ocrx_word' id='word_1_229' title='bbox 684 3871 780 3930; x_wconf 85' lang='lat' dir='ltr'><strong>opera,</strong></span> <span class='ocrx_word' id='word_1_230' title='bbox 794 3852 834 3909; x_wconf 89' lang='lat' dir='ltr'><strong>mi</strong></span> <span class='ocrx_word' id='word_1_231' title='bbox 849 3859 1022 3930; x_wconf 81' lang='lat' dir='ltr'><strong>praeceptor</strong></span> <span class='ocrx_word' id='word_1_232' title='bbox 1034 3851 1041 3909; x_wconf 85' lang='lat' dir='ltr'><strong>l</strong></span> <span class='ocrx_word' id='word_1_233' title='bbox 1083 3850 1240 3929; x_wconf 88' lang='lat' dir='ltr'><strong>Numquid</strong></span> <span class='ocrx_word' id='word_1_234' title='bbox 1253 3850 1334 3909; x_wconf 81' lang='lat' dir='ltr'><strong>aliud</strong></span> <span class='ocrx_word' id='word_1_235' title='bbox 1348 3850 1411 3908; x_wconf 85' lang='lat' dir='ltr'><strong>viel</strong></span> 
     </span>
    </p>

    <p class='ocr_par' dir='ltr' id='par_1_20' title="bbox 407 3948 900 4007">
     <span class='ocr_line' id='line_1_37' title="bbox 407 3948 900 4007; baseline 0.002 -1"><span class='ocrx_word' id='word_1_236' title='bbox 407 3949 461 4007; x_wconf 89' lang='lat' dir='ltr'><strong>Pr.</strong></span> <span class='ocrx_word' id='word_1_237' title='bbox 484 3948 577 4007; x_wconf 86' lang='lat' dir='ltr'><strong>Adite</strong></span> <span class='ocrx_word' id='word_1_238' title='bbox 591 3968 668 4006; x_wconf 89' lang='lat' dir='ltr'><strong>nunc</strong></span> <span class='ocrx_word' id='word_1_239' title='bbox 681 3948 767 4006; x_wconf 87' lang='lat' dir='ltr'><strong>ludos</strong></span> <span class='ocrx_word' id='word_1_240' title='bbox 780 3956 900 4007; x_wconf 78' lang='lat' dir='ltr'><strong>vestros</strong></span> 
     </span>
    </p>

    <p class='ocr_par' dir='ltr' id='par_1_21' title="bbox 344 4043 1413 4318">
     <span class='ocr_line' id='line_1_38' title="bbox 406 4043 1412 4126; baseline -0.001 -22"><span class='ocrx_word' id='word_1_241' title='bbox 406 4046 508 4104; x_wconf 80' lang='lat' dir='ltr'><strong>Pueri.</strong></span> <span class='ocrx_word' id='word_1_242' title='bbox 531 4045 613 4104; x_wconf 81' lang='lat' dir='ltr'><strong>Fiet!</strong></span> <span class='ocrx_word' id='word_1_243' title='bbox 648 4043 779 4125; x_wconf 73' lang='lat' dir='ltr'><strong>[Exeunt</strong></span> <span class='ocrx_word' id='word_1_244' title='bbox 786 4046 876 4119; x_wconf 77' lang='lat' dir='ltr'><strong>pueri</strong></span> <span class='ocrx_word' id='word_1_245' title='bbox 889 4047 1110 4105; x_wconf 71' lang='lat' dir='ltr'><strong>reverentissime</strong></span> <span class='ocrx_word' id='word_1_246' title='bbox 1123 4044 1309 4126; x_wconf 64' lang='lat' dir='ltr'><strong>salutamen]</strong></span> <span class='ocrx_word' id='word_1_247' title='bbox 1337 4045 1412 4103; x_wconf 86' lang='lat' dir='ltr'><strong>Vale</strong></span> 
     </span>
     <span class='ocr_line' id='line_1_39' title="bbox 344 4142 1413 4222; baseline -0.001 -21"><span class='ocrx_word' id='word_1_248' title='bbox 344 4150 517 4222; x_wconf 85' lang='lat' dir='ltr'><strong>praeceptor</strong></span> <span class='ocrx_word' id='word_1_249' title='bbox 531 4142 781 4215; x_wconf 79' lang='lat' dir='ltr'><strong>excellentissime,</strong></span> <span class='ocrx_word' id='word_1_250' title='bbox 795 4143 875 4201; x_wconf 86' lang='lat' dir='ltr'><strong>vale!</strong></span> <span class='ocrx_word' id='word_1_251' title='bbox 916 4142 991 4201; x_wconf 88' lang='lat' dir='ltr'><strong>Vale</strong></span> <span class='ocrx_word' id='word_1_252' title='bbox 1005 4143 1216 4222; x_wconf 73' lang='lat' dir='ltr'><strong>benignissime</strong></span> <span class='ocrx_word' id='word_1_253' title='bbox 1231 4162 1265 4200; x_wconf 86' lang='lat' dir='ltr'><strong>ae</strong></span> <span class='ocrx_word' id='word_1_254' title='bbox 1279 4142 1413 4201; x_wconf 85' lang='lat' dir='ltr'><strong>eruditis-</strong></span> 
     </span>
     <span class='ocr_line' id='line_1_40' title="bbox 345 4239 1319 4318; baseline 0.002 -21"><span class='ocrx_word' id='word_1_255' title='bbox 345 4241 418 4299; x_wconf 83' lang='lat' dir='ltr'><strong>sime</strong></span> <span class='ocrx_word' id='word_1_256' title='bbox 433 4240 589 4317; x_wconf 82' lang='lat' dir='ltr'><strong>msgisterl</strong></span> <span class='ocrx_word' id='word_1_257' title='bbox 617 4240 678 4298; x_wconf 86' lang='lat' dir='ltr'><strong>vale</strong></span> <span class='ocrx_word' id='word_1_258' title='bbox 692 4240 828 4318; x_wconf 80' lang='lat' dir='ltr'><strong>princeps</strong></span> <span class='ocrx_word' id='word_1_259' title='bbox 841 4240 1099 4318; x_wconf 76' lang='lat' dir='ltr'><strong>paedagogorum!</strong></span> <span class='ocrx_word' id='word_1_260' title='bbox 1127 4240 1209 4299; x_wconf 81' lang='lat' dir='ltr'><strong>valel</strong></span> <span class='ocrx_word' id='word_1_261' title='bbox 1238 4239 1319 4299; x_wconf 83' lang='lat' dir='ltr'><strong>valel</strong></span> 
     </span>
    </p>
   </div>
   <div class='ocr_carea' id='block_1_3' title="bbox 0 0 1672 5109">
    <p class='ocr_par' dir='ltr' id='par_1_22' title="bbox 0 0 1672 5109">
     <span class='ocr_line' id='line_1_41' title="bbox 0 0 1672 5109; baseline 0 3"><span class='ocrx_word' id='word_1_262' title='bbox 0 0 1672 5109; x_wconf 95' lang='lat' dir='ltr'><strong> </strong></span> 
     </span>
    </p>
   </div>
  </div>
 </body>
</html>
