3334 5109
725 407 916 497 Lamus.
1247 434 1251 440 '
1304 442 1353 496 ea

278 606 355 666 disse
369 609 657 677 sciebat-adfertur
670 614 698 671 ei
712 612 750 670 de
765 620 871 691 quarta
884 613 1018 670 nuntius:
1040 632 1099 689 quo
1113 611 1263 689 perculsus
1277 609 1355 668 abie-

278 702 320 761 cit
333 706 488 765 consilium
502 708 648 767 referendi
668 708 707 766 ad
724 717 861 768 senatum
875 708 912 767 de
927 709 1050 767 Caesare
1062 728 1069 780 ;
1091 691 1224 787 egressus
1237 714 1282 766 est
1295 709 1354 764 non

279 801 343 874 viis,
354 802 407 861 sed
420 804 590 863 tramitibus
602 804 775 883 paludatns3
791 824 887 884 eoque
896 808 962 883 ipso
977 805 1026 863 die
1041 804 1262 863 innumerabilia
1275 823 1355 862 sena·

278 903 325 955 tus
339 901 472 959 consulta
485 902 567 974 fecit,
583 921 658 980 quae
673 902 794 979 quidem
816 902 918 959 omnia
934 903 1022 960 citius
1035 903 1133 961 delata
1147 921 1232 980 quam
1247 900 1356 979 scripta

278 1004 353 1055 sunt
395 998 440 1055 Ex
461 1018 497 1057 eo
518 1018 577 1057 non
599 999 664 1071 iter,
679 998 733 1057 sed
753 1017 855 1056 cursus
876 1006 907 1057 et
926 998 996 1077 fuga
1015 1000 1046 1056 in
1067 998 1248 1070 Galliam‚*in
1267 1016 1353 1075 quam

277 1096 445 1170 penetranti
458 1094 496 1153 D.
512 1115 543 1154 se
557 1095 670 1154 Brutus
691 1094 807 1155 obiecit
822 1096 1027 1173 Mutinamque
1047 1096 1091 1153 illi
1112 1095 1270 1153 exsultanti
1284 1101 1355 1152 tam·

278 1210 366 1268 quam·
378 1191 480 1250 frenos
493 1193 603 1251 fluoris
616 1192 727 1252 iniecit
771 1191 929 1273 (Philipp,
947 1197 993 1265 13,
1009 1190 1026 1271 ἓ
1043 1198 1079 1249 19
1094 1199 1125 1249 et
1138 1189 1201 1270 20.)

277 1422 461 1501 armam.

278 1540 737 1625 nauseasse

339 1671 469 1747 Quaesis,
484 1680 519 1732 ut
532 1694 590 1753 ego
603 1674 717 1755 litteras
731 1674 769 1733 de
783 1674 879 1748 rebus,
895 1694 970 1754 quae
983 1694 1039 1753 ego
1053 1674 1165 1735 Rornae
1178 1683 1210 1733 et
1222 1676 1254 1733 in
1268 1675 1358 1733 Italia

278 1768 411 1843 viderim,
426 1771 560 1831 scribam.
604 1771 739 1830 Faciam:
761 1791 830 1830 nam
856 1772 929 1851 qnid
950 1772 1090 1831 libentius
1114 1773 1249 1846 lacerem,
1266 1793 1355 1851 quam

278 1886 314 1925 ea
326 1866 494 1947 depingere,
510 1887 585 1947 quae
598 1888 647 1929 me
661 1877 722 1928 tam
736 1869 927 1929 vehementer
939 1870 1096 1929 delectant
1139 1870 1254 1928 Plinius
1270 1870 1353 1943 dicit,

279 1962 450 2023 “Naturale
474 1973 528 2038 est,
555 1972 588 2024 ut
612 1984 655 2039 ea,
680 1986 755 2043 quae
779 1965 847 2045 quis
869 1965 995 2045 adeptus
1018 1974 1064 2025 est
1086 1967 1159 2044 ipse,
1185 1986 1272 2044 quam
1297 1988 1355 2025 am·

277 2060 411 2138 plissima
435 2062 597 2120 existimari
621 2062 679 2121 veli
702 2062 720 2091 ’²
773 2062 878 2141 Itaque
902 2064 1058 2141 intelliges,
1083 2062 1274 2140 quamobrem
1297 2083 1354 2141 ego

279 2157 376 2216 dicam
398 2158 551 2218 hominem
573 2179 633 2217 non
658 2159 741 2238 prius
761 2160 879 2233 vixisse,
895 2178 984 2238 quam
998 2160 1112 2217 Italiam
1127 2160 1257 2218 vidisset
1299 2160 1353 2233 Tu,

278 2261 393 2313 tantum
404 2255 442 2314 de
457 2256 561 2328 Roma,
573 2256 611 2315 de
625 2256 685 2315 illis
698 2256 879 2329 hominibus,
890 2258 941 2335 qui
954 2256 1004 2315 hic
1016 2256 1221 2330 habitaverint,
1231 2257 1268 2315 de
1282 2265 1355 2315 tem·

278 2352 344 2429 plis,
359 2372 435 2431 quae
457 2374 536 2412 nunc
558 2352 656 2413 deleta
677 2354 803 2432 jaceant,
817 2354 924 2433 legisti,
941 2361 974 2413 ut
996 2350 1102 2426 omnia,
1118 2373 1193 2431 quae
1216 2355 1254 2413 ad
1278 2354 1353 2413 hanc

278 2450 511 2528 antiquissimam
526 2451 629 2510 urbem
643 2452 818 2530 pertineant,
832 2452 889 2511 tibi
904 2453 1030 2510 maxime
1043 2452 1184 2529 placeant

338 2546 418 2606 Cura
438 2548 666 2627 sollicitudoque
689 2550 851 2608 amicorum
872 2550 946 2607 mihi
960 2568 1028 2607 cara
1041 2556 1094 2620 est,
1110 2548 1190 2625 quod
1211 2569 1280 2607 cnm
1305 2569 1354 2607 an-

278 2644 419 2704 dicissent
432 2664 480 2705 me
494 2654 606 2705 aestate
621 2638 747 2706 Romam
762 2648 925 2726 petiturum
940 2667 1011 2718 esse,
1023 2667 1060 2705 ne
1074 2646 1185 2704 diutius
1194 2667 1350 2719 manerem,

277 2752 463 2817 monuerunt,
478 2763 545 2802 curn
560 2743 664 2803 urbem
679 2764 799 2823 gravem
814 2752 846 2803 ct
858 2744 1044 2823 pestilentem
1058 2752 1170 2821 putent

338 2840 434 2915 Multi,
449 2861 528 2914 vero,
542 2841 620 2900 febri
643 2842 778 2900 Romana
799 2842 910 2900 mortni
930 2849 1007 2913 sunt,
1030 2841 1083 2899 sed
1106 2841 1230 2899 Romani
1246 2840 1351 2920 (cives)

278 2956 394 3016 semper
414 2946 444 2997 et
467 2938 576 2997 iterum
595 2938 707 3012 dieunt,
729 2938 785 2997 hos
808 2938 944 2996 homines
968 2937 1093 3015 Neapoli
1115 2938 1308 3014 aegrotavisse
1322 2946 1353 2997 et

279 3034 404 3092 Romam
428 3036 551 3107 venisse,
573 3042 608 3093 ut
631 3034 682 3093 hic
706 3041 899 3116 morerentur.
941 3036 1042 3111 Atque
1067 3034 1150 3105 adeo,
1175 3041 1209 3091 ut
1232 3053 1351 3093 ornnem

278 3139 390 3189 metum
403 3150 457 3209 pro
472 3150 519 3189 me
534 3138 704 3209 susceptum
717 3151 820 3210 ponas,
830 3131 932 3210 accipe
943 3151 991 3190 me
1005 3131 1264 3210 prudentissimum
1278 3151 1351 3204 esse,

278 3229 322 3287 ita
333 3235 368 3286 ut
380 3235 471 3286 noctu
484 3228 515 3286 in
530 3248 598 3287 meo
612 3227 702 3287 domo
717 3248 860 3302 maneam,
876 3236 907 3287 et
926 3228 1012 3286 edam
1032 3248 1086 3287 nec
1100 3228 1225 3286 nimium
1239 3248 1293 3287 nec
1307 3248 1351 3301 ea,

278 3343 352 3403 quae
366 3324 404 3382 ad
418 3324 630 3403 aegrotandum
644 3325 787 3404 proclivia
800 3327 868 3385 sint

338 3421 459 3479 initium
473 3422 571 3481 facere
586 3422 792 3482 difficillimum
806 3430 861 3495 est,
876 3442 944 3481 cnm
959 3422 1055 3480 Roma
1067 3423 1196 3480 maxima
1207 3424 1262 3486 sit:
1287 3430 1352 3481 tan·

277 3527 379 3597 tasque
399 3526 431 3577 ct
453 3527 587 3578 recentes
609 3527 640 3579 et
661 3520 798 3598 antiquas
819 3539 867 3578 res
888 3519 1007 3591 habeat,
1023 3538 1097 3597 quae
1119 3518 1174 3577 tibi
1196 3519 1298 3576 auditu
1320 3526 1351 3577 et

276 3616 351 3674 mihi
364 3616 457 3675 relatu
470 3616 602 3695 jucunda
615 3625 708 3676 erunt

337 3712 457 3785 Omnes,
471 3718 555 3790 puto,
570 3713 697 3772 Romam
718 3713 807 3772 aliam
821 3732 884 3772 esse
898 3714 1053 3772 inveniunt
1067 3733 1152 3791 qnam
1167 3719 1352 3790 exspectave-

276 3818 356 3883 rant3
371 3809 441 3868 urbs
451 3810 586 3883 forsitan,
598 3810 686 3869 nimis
695 3830 774 3869 nova
783 3811 909 3883 videtur,
920 3811 974 3869 sed
988 3811 1110 3889 triginta
1122 3818 1189 3888 post
1200 3810 1264 3868 dies
1274 3816 1350 3867 vete

275 3926 338 3965 ram
353 3906 478 3965 Romam
491 3907 598 3965 iterum
615 3908 753 3987 reperies,
768 3916 798 3966 et
814 3927 909 3967 novae
922 3908 1004 3965 urbis
1017 3908 1146 3979 omnino,
1162 3907 1348 3967 oblivisceris

336 4003 425 4063 Veris
444 4004 601 4063 clementia
622 4011 669 4064 est
692 4006 775 4064 mira
818 4004 943 4085 Semper
964 4024 1015 4063 aer
1035 4025 1128 4078 auras,
1143 4025 1230 4083 saepe
1245 4012 1349 4063 ventos

277 4100 375 4174 habet,
390 4100 443 4159 sed
466 4108 578 4160 aestate
602 4121 722 4161 necesse
747 4120 811 4161 esse
824 4102 944 4175 terunt,
958 4109 993 4160 ut
1015 4102 1164 4181 peregrini
1181 4103 1213 4160 in
1236 4108 1349 4159 montes

282 4196 416 4257 Albanos
437 4194 489 4256 aut
509 4197 542 4256 in
555 4198 643 4257 aliam
657 4207 771 4258 terram
779 4206 857 4285 cant,
873 4200 942 4278 quia
955 4207 1044 4257 notus
1057 4200 1183 4256 maxime
1196 4196 1353 4256 insalubris

277 4301 330 4354 cst.
799 4302 800 4305 ’
