3334 5109
745 379 935 431 LATINE.
1301 376 1369 428 181

298 545 371 622 quid
385 564 403 602 a
416 546 527 624 populo
542 545 676 604 Romano
691 547 855 624 acceperim
866 531 962 619 ;'miht
975 545 1060 603 ludos
1074 545 1270 603 sanctissimos
1283 542 1378 601 maxi-

296 657 347 696 ma
356 659 423 698 cum
437 660 508 700 cura
528 650 558 701 et
577 644 756 702 caerimonia
769 642 877 715 Cereri,
892 641 999 700 Libero
1012 641 1193 719 Liberaeque
1206 640 1370 712 faciundoa

296 737 371 795 mihi
386 737 503 797 Floram
517 748 641 798 matrem
654 740 766 818 populo
787 737 926 816 plebique
940 738 1089 797 Romanae
1102 738 1238 796 ludorum
1251 737 1377 796 celebri·v

297 840 358 894 tate
381 836 566 915 placandam,
589 837 663 895 mibi
691 837 778 896 ludos
806 836 1032 913 antiquissimos,
1058 837 1108 914 qui
1132 837 1220 914 primi
1244 834 1370 893 Romani

297 932 437 1012 appellati
462 941 539 1008 suut,
554 953 622 992 cum
647 934 795 1012 dignitate
817 923 945 992 maxima
967 943 998 993 et
1021 934 1162 1012 religione
1176 933 1249 1004 Iovi,
1264 931 1370 991 Iunoni

297 1029 505 1109 Minervaeque
532 1050 596 1090 esse
624 1031 789 1102 faciundoq
818 1030 892 1088 mihi
918 1049 1064 1088 sacrarum
1091 1030 1207 1088 aedium
1235 1047 1371 1107 procura-

296 1127 418 1200 tionem,
434 1127 509 1186 mihi
523 1135 616 1188 totam
633 1127 736 1186 urbem
750 1129 891 1186 tuendam
905 1147 968 1188 esse
981 1127 1176 1186 commissam.
1218 1126 1257 1184 ob
1272 1145 1371 1184 earum

296 1242 393 1281 rerum
416 1223 548 1284 laborem
571 1233 602 1284 et
629 1225 859 1284 sollicitudiuem
886 1225 999 1282 fructus
1022 1225 1089 1283 illos
1113 1224 1215 1282 datos:
1245 1222 1375 1300 antiqui·-

296 1338 378 1379 orem
399 1322 431 1379 iu
454 1331 557 1382 senatu
580 1322 744 1380 sententiae
766 1322 909 1380 dicendar
930 1321 1036 1394 locum,
1055 1329 1156 1400 togam
1179 1326 1368 1398 praetextam,

295 1416 396 1476 sellam
411 1420 550 1493 curulem,
564 1420 611 1477 ius
632 1419 770 1498 imaginis
790 1419 829 1476 ad
849 1420 1019 1477 memoriam
1033 1420 1291 1496 posteritatemque
1304 1436 1370 1496 pro·

296 1513 436 1595 deudae.)

357 1610 436 1691 (12.)
463 1612 537 1694 [687
557 1637 591 1667 =
614 1614 666 1696 et]
689 1615 739 1674 Me
760 1622 924 1693 praetorem
945 1614 1071 1693 primum
1091 1612 1205 1670 cunctis
1224 1612 1369 1690 suffragiis

295 1709 422 1787 populus
436 1710 587 1769 Romanus
600 1711 681 1771 fecit
726 1712 770 1794 (in
786 1711 887 1770 Pisou.
904 1710 960 1791 §2
1002 1709 1095 1769 ctus
1106 1710 1176 1788 imp.
1186 1707 1367 1788 Pomp.§2:

294 1804 422 1885 Propter
432 1807 604 1867 dilationem
617 1809 805 1867 comitiorum
819 1815 866 1866 ter
879 1815 995 1886 praetor
1007 1808 1120 1886 primus
1133 1807 1373 1866 centuriis'cunc·-

294 1901 333 1958 tis
356 1904 542 1962 renuntiatus
567 1924 640 1964 sum.
685 1905 755 1964 And
769 1903 853 1962 Brut
868 1903 886 1984 ξ
903 1910 978 1962 321:
999 1904 1122 1963 Praetor
1146 1905 1258 1983 primus
1275 1912 1307 1962 et
1325 1905 1369 1962 iu·

295 1998 429 2058 credibili
440 2001 545 2080 populi
557 1985 686 2060 Romani
698 2001 850 2061 voluntate
863 2021 927 2060 sum
941 2000 1042 2060 factus
1083 2021 1153 2060 uam
1166 2021 1233 2060 cum
1247 2008 1371 2079 propter

294 2095 504 2158 adsiduitatem
517 2100 550 2158 iu
564 2101 659 2158 causis
680 2107 711 2160 et
731 2100 907 2158 industriam
927 2106 992 2157 tum
1011 2105 1132 2177 propter
1151 2098 1324 2176 exquisitius
1337 2104 1368 2156 et

293 2194 416 2253 minime
430 2196 548 2274 volgare
564 2197 706 2256 orationis
718 2209 812 2276 'genus
833 2197 947 2255 animos
966 2195 1122 2254 bominum
1136 2196 1175 2254 ad
1187 2215 1235 2254 me
1250 2194 1368 2254 dicendi

294 2291 425 2351 novitate
439 2294 663 2374 converteram.)

603 2405 725 2474 [msera
736 2407 1045 2474 mmmmm]

296 2565 323 2610 0.
335 2567 457 2612 IULIUS
470 2568 615 2613 CAESAR.
643 2570 729 2623 [Pam
741 2569 865 2624 quinta]

356 2667 433 2749 (23.)
456 2670 504 2729 De
519 2670 642 2730 Caesare
657 2673 828 2751 saepissime
843 2672 940 2744 audio,
955 2667 1037 2730 illum
1052 2672 1182 2730 omnium
1195 2672 1257 2728 fere
1272 2677 1367 2728 orato·

293 2785 358 2823 rum
374 2766 479 2826 Latine
494 2769 576 2846 loqui
592 2769 827 2848 elegantissime;
849 2788 904 2827 nee
922 2768 954 2826 id
967 2769 1060 2827 solum
1075 2769 1235 2827 domestica
1248 2786 1368 2825 consue·

291 2863 404 2936 tudine,
415 2872 448 2923 ut
459 2865 573 2923 dudum
584 2867 621 2924 de
635 2867 802 2926 Laeliorum
817 2873 849 2925 et
862 2865 1026 2923 Muciorum
1037 2866 1156 2924 familiis
1166 2864 1364 2937 audiebamus,

293 2960 354 3033 sed,
370 2967 403 3020 ut
417 2969 494 3021 esset
506 2965 640 3042 perfecta
654 2963 703 3022 illa
715 2964 791 3023 bene
804 2962 947 3040 loquendi
960 2962 1030 3031 laus,
1045 2962 1145 3020 multis
1160 2962 1265 3020 litteris
1279 2969 1309 3020 et
1323 2962 1367 3019 eis

293 3057 414 3134 quidem
428 3061 590 3119 reconditis
614 3068 644 3119 et
668 3062 824 3140 exquisitis
846 3079 1018 3138 summoque
1039 3059 1138 3117 studio
1162 3066 1192 3117 et
1213 3059 1367 3137 diligentia

292 3161 337 3212 cst
351 3164 545 3216 consecutus:
561 3158 612 3236 qui
627 3159 715 3216 etiam
729 3159 760 3218 in
774 3158 910 3216 maximis
923 3157 1163 3236 occupationibus
1174 3161 1191 3188 “
1200 3156 1237 3214 de
1251 3158 1364 3215 ratione

292 3250 396 3311 Latine
409 3253 552 3332 loquendi
563 3254 581 3283 ’'
596 3256 817 3314 adcuratissime
831 3255 955 3334 scripsit
999 3252 1107 3335 (Brut,
1122 3253 1140 3335 ξ
1155 3259 1212 3312 252
1228 3274 1254 3312 u
1267 3251 1349 3333 253.)

355 3347 431 3430 (24.)
456 3351 590 3411 Caesaris
604 3354 751 3412 orationes
763 3352 951 3411 vehementer
964 3352 1131 3430 probantur.
1163 3351 1260 3429 Atque
1274 3352 1363 3409 etiam

292 3449 521 3506 commentarios
535 3451 677 3527 quosdam
693 3450 810 3528 scripsit
824 3469 920 3508 rerum
935 3469 1058 3522 suarum,
1070 3449 1154 3508 valde
1166 3449 1284 3526 quidem
1298 3467 1364 3527 pro-

292 3540 424 3617 bandos;
445 3544 519 3603 nudi
541 3546 619 3604 enim
641 3555 718 3617 suut,
733 3546 806 3605 recti
822 3553 852 3604 et
865 3547 988 3618 venusti,
1003 3547 1085 3604 omui
1105 3553 1209 3604 ornatu
1222 3546 1364 3604 orationis

291 3645 443 3718 tamquam
467 3648 550 3700 veste
574 3643 723 3717 detracta3
744 3643 796 3702 sed
820 3643 889 3701 dum
914 3642 1008 3701 voluit
1028 3642 1101 3701 alios
1122 3643 1229 3701 habere
1252 3650 1361 3723 parata

292 3737 370 3795 unde
394 3745 552 3811 sumerent,
577 3741 628 3817 qui
649 3740 759 3799 vellent
783 3740 908 3799 scribere
930 3740 1092 3813 historiam,
1116 3741 1224 3819 ineptis
1247 3748 1362 3819 gratum

292 3834 413 3894 fortasse
426 3835 508 3908 fecit,
525 3837 575 3915 qui
596 3837 696 3896 volent
720 3837 771 3895 illa
795 3838 968 3897 calamistris
990 3839 1122 3911 inurere3
1143 3857 1229 3896 sanos
1243 3838 1362 3916 quidem

291 3934 427 3994 homiues
441 3955 459 3993 a
473 3934 630 3994 scribendo
645 3936 805 3995 deterruit:
826 3936 901 3995 nihil
915 3943 960 3996 est
973 3937 1051 3995 enim
1064 3937 1096 3994 iu
1110 3935 1234 3994 historia
1246 3955 1320 4014 pura
1332 3942 1363 3995 et

291 4031 408 4091 inlustri
420 4032 566 4092 brevitate
581 4033 703 4091 dulcius.
747 4031 855 4114 (Brut,
870 4031 888 4113 ἓ
903 4035 983 4111 262.)

775 4147 882 4218 [Ma]
