3334 5109
354 412 397 462 12
786 412 974 465 LATINE.

397 579 434 629 M.
454 580 536 630 Recte.
565 582 600 629 At
612 580 642 629 dc
653 578 806 641 temporibus
814 578 976 641 subjunctivi,
984 578 1348 640 quaeresinpensobodierno
1356 584 1419 625 trac·

347 666 424 721 tatur,
436 663 496 722 quid
508 662 557 710 scis
569 668 604 722 tu,
617 659 774 723 Augustulo?

398 745 432 793 A.
450 745 487 793 De
498 743 671 792 consecutione
681 747 820 804 temporum
831 758 872 792 me
881 743 1005 805 explicaie
1016 743 1106 791 vianet

398 826 434 875 M.
455 827 494 875 lta
513 833 558 875 cst.
589 824 656 882 Quae
673 826 825 888 subjunctivi
840 833 953 889 tempora
971 826 1112 874 invenimus
1130 830 1188 887 post
1205 823 1333 872 indicativi
1349 837 1418 885 prac-

347 922 414 970 sens,
427 909 549 969 futurum,
561 908 674 955 futurum
685 912 819 957 exactum?

397 992 431 1040 A.
451 991 594 1038 Invenimus
605 990 758 1052 subjunctivi
769 997 794 1040 et
806 1004 924 1053 praesens
936 997 962 1040 et
973 991 1122 1053 perfectum.

397 1072 434 1120 M.
454 1071 523 1128 Quod
535 1078 618 1120 autem
630 1078 728 1134 tempus
739 1079 796 1135 post
808 1072 947 1135 perfectum
959 1072 1105 1133 saepissime
1116 1071 1267 1119 adhibetur?

398 1155 432 1203 A.
450 1153 511 1201 Post
523 1153 661 1214 perfectum
673 1155 816 1217 saepissime
827 1155 929 1216 ponitur
939 1154 1093 1215 subjunctivi
1104 1152 1286 1214 imperfectum.

400 1235 434 1284 Μ.
453 1235 507 1283 lsta
515 1241 581 1284 sunt.
615 1235 749 1298 Praecipue
760 1237 796 1285 its
807 1236 836 1285 lit
846 1236 873 1284 in
883 1236 1015 1285 seutemiis
1025 1235 1102 1285 finem
1112 1235 1258 1283 notantibus
1268 1240 1295 1283 et
1306 1235 1333 1283 in
1344 1234 1418 1282 inter-

348 1317 519 1380 rogationibus
530 1317 664 1367 indirectis.

696 1440 729 1490 ll.
747 1440 882 1489 denarum
898 1453 929 1487 nr
944 1438 1068 1489 Jaccsns.

397 1538 436 1589 Jo.
455 1538 501 1587 Dic
512 1539 580 1600 mihi,
592 1539 693 1601 Jacobs,
705 1539 771 1588 unde
782 1540 875 1602 venias,
886 1539 948 1600 quid
958 1539 1045 1603 egeria

397 1620 438 1671 Jc.
457 1622 524 1671 Rure
534 1623 614 1686 venio,
626 1622 669 1671 ubi
680 1622 799 1671 tenamm
811 1628 908 1684 partem
919 1622 1051 1685 degi—lit
1061 1624 1110 1670 tui

397 1704 436 1755 Jo.
455 1704 508 1767 Ego
518 1706 567 1753 iter
578 1718 634 1753 cum
646 1704 790 1766 parentibus
801 1704 851 1752 feci
861 1717 943 1763 neque
954 1703 1007 1751 scio
1016 1703 1118 1765 quando
1128 1703 1229 1751 domum
1241 1708 1359 1751 revertar.

397 1787 439 1838 Jc.
458 1788 559 1841 Utinam
578 1801 623 1850 ego
640 1801 739 1849 quoque
756 1786 804 1835 iter
820 1787 926 1835 famam!
959 1786 987 1835 Si
997 1792 1115 1847 parentes
1126 1785 1250 1847 adessent,
1262 1785 1309 1834 iter
1320 1798 1416 1832 mecum

348 1871 469 1918 facerent.

398 1950 437 2001 Jo.
456 1950 509 2013 Ego
518 1950 613 1998 itineris
622 1949 784 1998 diuturnitate
795 1963 850 1997 sum
860 1949 977 2002 ,defessus
987 1955 1013 1997 et
1024 1949 1157 2012 gauderem
1169 1948 1192 1996 si
1202 1948 1228 1996 in
1236 1946 1322 1996 schola
1330 1962 1418 1997 essem.

398 2032 439 2083 Jo.
457 2031 524 2079 Veni
534 2045 629 2079 mecum
642 2031 668 2079 in
679 2030 788 2079 scholam
797 2037 822 2080 et
833 2046 885 2079 una
895 2031 1041 2080 ediscamus

398 2114 437 2165 Jo.
456 2114 547 2163 Tecum
558 2113 663 2161 libenter
673 2114 700 2161 in
710 2112 820 2161 echelum
831 2114 874 2162 ibo
884 2113 928 2162 sed
939 2126 1088 2176 cognoscere
1096 2111 1170 2161 velim
1181 2111 1238 2172 quis
1249 2111 1283 2160 sit
1294 2113 1418 2175 mgister.

341 2193 346 2203 ’
401 2194 442 2245 Jc.
461 2195 579 2257 Magister
589 2201 628 2243 est
639 2195 677 2242 vir
688 2194 852 2244 doctissimus.
880 2193 940 2243 Vim
950 2192 1034 2242 latini
1045 2194 1172 2258 cognoscit
1183 2199 1259 2255 atque
1271 2207 1369 2255 semper
1379 2200 1418 2242 est

349 2278 480 2340 benignus.

399 2359 437 2409 Jo.
457 2359 520 2417 Quid
531 2365 557 2407 te
568 2358 658 2407 docet?

398 2440 440 2491 Jc.
459 2440 537 2489 Docet
547 2454 593 2488 nos
605 2440 704 2489 modum
715 2440 909 2502 subjunctivum.
943 2440 1011 2502 Heri,
1023 2440 1131 2503 exempli
1141 2454 1224 2502 cansa,
1237 2439 1309 2488 nobis
1321 2440 1352 2488 de
1363 2440 1420 2487 sub-

347 2524 463 2586 junctivo
475 2524 500 2571 in
512 2522 745 2586 interrogationibus
756 2522 883 2571 indirectis
895 2522 1035 2585 explicavit.

398 2604 438 2655 Jc.
457 2604 536 2652 llulta
546 2604 578 2653 dc
588 2604 823 2668 interrogationibus
831 2605 958 2653 indirectis
969 2604 1053 2653 andivi
1064 2618 1145 2665 nsque
1156 2617 1266 2664 uuquam
1277 2602 1420 2665 intellegere

350 2687 428 2749 potui.
462 2686 564 2735 Fecitne
575 2686 692 2749 magister
703 2692 731 2733 ut
741 2691 770 2734 tu
781 2687 831 2734 ista
841 2686 1017 2748 intellegeres?

398 2768 440 2819 Ja.
458 2768 529 2831 Sane,
542 2768 576 2817 mi
587 2769 671 2829 amice,
683 2774 709 2817 et
719 2780 766 2831 ego
776 2768 875 2830 faciam,
887 2767 982 2829 opinor,
993 2771 1023 2814 nt
1032 2771 1061 2814 tu
1073 2780 1173 2827 qnoque
1184 2766 1270 2815 eadem
1281 2765 1418 2829 intellegas.

349 2852 383 2914 Si,
395 2852 503 2914 exempli
519 2866 602 2913 causa,
614 2850 701 2912 dicam,
718 2849 768 2900 Ubi
785 2856 821 2899 eat.
829 2849 1004 2914 frotertuuai
1020 2849 1182 2912 interrogatio
1193 2849 1227 2897 sit
1237 2848 1349 2909 directa3
1367 2849 1418 2909 sed,

350 2934 438 2982 Nece-ic
449 2932 492 2981 ubi
502 2934 534 2981 ss‘t
539 2933 633 2998 frater,
645 2931 804 2995 interrogatio
815 2932 849 2980 sit
859 2931 999 2980 indirecta'

400 3016 439 3066 Jo.
458 3016 587 3064 istasunt
605 3013 740 3063 mirabilia!
764 3012 826 3063 oum
845 3013 922 3076 igitur
940 3013 1014 3061 modo
1032 3012 1146 3074 dicerem,
1159 3013 1174 3038 “
1181 3013 1335 3076 Cognoscere
1346 3013 1420 3061 velim

350 3100 406 3161 quis
418 3100 451 3147 sit
462 3098 604 3161 magister,”
615 3112 675 3145 num
685 3096 746 3145 illud
756 3096 807 3145 fuit
817 3096 979 3160 interrogatio
989 3095 1129 3145 indimctai

399 3179 440 3229 Jc.
459 3179 607 3228 Certissime.
641 3178 767 3241 Nesciens,
779 3177 968 3240 sapientissime,
985 3177 1220 3241 interrogationibus
1237 3178 1364 3227 indirectis
1382 3179 1419 3225 uti

349 3262 439 3311 solitus
451 3276 485 3311 es.

678 3349 734 3399 111.¹
752 3351 923 3399 Eunomus
938 3363 969 3421 rr
985 3350 1093 3399 Prrana

401 3450 434 3499 H.
454 3449 517 3507 Quid
528 3450 575 3497 tibi
586 3450 643 3498 esti
673 3449 721 3498 cur
732 3462 759 3498 es
769 3447 853 3497 vultus
864 3448 948 3499 torvi?

400 3532 430 3583 P.
449 3532 568 3581 Defessus
580 3544 642 3579 suna
676 3530 734 3578 Jam
750 3530 811 3579 duas
826 3530 1422 3594 borashoicsubjunctivcmiserrimocumpar-
1490 3545 1493 3549 ’

351 3616 428 3665 ticula
439 3622 467 3663 ut
478 3614 573 3663 studeo.

400 3695 433 3745 Η.
452 3696 556 3757 Oportet
573 3695 608 3743 sis
627 3694 709 3742 animo
726 3693 794 3743 forti.
829 3693 893 3742 Olim
909 3694 970 3743 mihi
985 3709 1085 3757 quoque
1094 3694 1230 3744 videbitur
1246 3695 1420 3757 subjunctivus

351 3778 509 3842 perdifficilis.
543 3778 602 3827 Jam
613 3774 736 3839 intellego,
747 3776 842 3839 opinor,
853 3782 879 3825 et
889 3782 923 3839 te,
934 3777 957 3825 si
968 3776 1050 3840 placet
1061 3778 1163 3828 docebo.

401 3861 431 3910 P.
449 3860 593 3909 llirificum!
627 3859 734 3920 Oquam
746 3859 860 3909 doctum!
893 3860 928 3907 At
939 3874 1022 3924 perge,
1034 3861 1057 3910 si
1067 3860 1129 3922 quid
1139 3860 1224 3910 habes.

400 3944 433 3993 H.
452 3942 562 3991 Attende
570 3941 751 4005 igitur,0bcne
759 3941 840 4003 Peme,
846 3955 917 3990 aures
925 3942 998 4006 erige,
1006 3943 1116 3992 animum
1123 3944 1231 4005 adverte,
1240 3958 1313 3991 aures
1320 3944 1419 4005 praebe,

349 4025 471 4087 ausculta,
483 4024 576 4086 audito,
587 4024 647 4072 dum
658 4023 719 4072 haec
730 4022 834 4072 clariora
845 4022 900 4072 luce
909 4023 957 4072 tibi
967 4024 1042 4075 facio.

400 4108 430 4157 P.
450 4106 514 4165 Quin
525 4106 625 4168 incipet
658 4105 718 4154 Sum
728 4112 796 4155 totus
808 4122 839 4156 ex
851 4106 960 4171 aun'bns,
972 4108 1052 4158 audio.

668 4280 676 4313 ¹
689 4282 753 4332 vise
765 4283 914 4357 nummu
925 4283 1106 4332 necasse.
