3334 5109
330 420 405 472 160
769 423 958 478 LATINE.

321 587 423 656 nibus,
439 609 539 648 verum
554 591 643 648 etiam
654 589 784 648 abestiis
798 590 897 667 expeti
910 597 999 667 atque
1010 589 1148 648 omuibus
1158 588 1246 646 rebus
1259 587 1398 666 anteponi

328 684 435 743 videtis
450 695 505 745 etc.
523 685 575 765 (de
589 686 654 764 lege
668 706 728 763 agr.
744 693 760 742 2
777 684 813 764 ἓξ
830 692 857 758 8,
874 684 916 766 9).

391 780 457 860 (15)
475 783 538 861 Ego
562 781 705 840 Kalendis
727 782 868 842 Ianuariis
890 792 1022 843 senatum
1044 791 1076 842 et
1095 783 1190 841 bonos
1209 781 1306 839 omnis
1326 781 1399 858 legin

322 881 458 957 agrariae
480 880 730 958 maximarumque
752 879 941 958 largitionum
960 889 1042 940 metu
1062 880 1199 952 liberari,
1219 897 1277 958 ego
1296 896 1399 956 agrum

326 975 521 1054 Campanum,
536 977 562 1032 si
582 975 677 1034 dividi
700 996 758 1034 nou
782 979 923 1056 oportuit,
938 978 1117 1050 conservavi,
1140 977 1166 1034 si
1188 975 1327 1054 oportuit,
1341 993 1401 1031 me·

323 1071 452 1130 'lioribus
466 1071 634 1131 auctoribus
646 1075 808 1148 ¹reservavi3
830 1095 886 1154 ego
899 1076 931 1133 in
946 1075 980 1134 0.
995 1075 1117 1134 Rabirio
1128 1072 1337 1152 perduellionis
1349 1090 1399 1129 reo

330 1169 386 1228 XL
405 1171 489 1228 anuis
508 1177 575 1229 anto
597 1191 644 1230 me
667 1171 816 1230 consulem
838 1173 1042 1251 interpositam
1064 1180 1183 1229 senatus
1196 1170 1400 1228 auctoritatem

324 1267 456 1324 sustinui
477 1277 579 1326 contra
601 1269 741 1341 iuvidiam
762 1277 850 1347 atque
871 1269 1006 1341 delendi;
1027 1287 1085 1346 ego
1098 1267 1294 1326 adulescentis
1306 1265 1401 1324 bonos

323 1371 361 1422 et
373 1363 468 1439 fortis,
479 1365 531 1423 sed
546 1385 614 1422 usos
626 1385 659 1424 ea
669 1366 842 1424 condicione
855 1367 1003 1437 fortunae,
1013 1373 1056 1438 nt,
1068 1366 1093 1422 si
1102 1371 1200 1423 esseut
1214 1364 1401 1441 magistratus

324 1461 438 1538 adepti,
452 1462 492 1519 rei
504 1462 638 1538 publicae
649 1469 756 1521 statum
771 1463 938 1521 convolsuri
952 1463 1129 1534 viderentur,
1140 1462 1214 1520 rucis
1226 1459 1400 1532 inimicitiis,

325 1557 412 1616 nulla
425 1567 543 1617 senatus
563 1558 642 1616 mala
660 1561 762 1637 gratia,
777 1561 964 1618 comitiomm
986 1560 1100 1618 ratione
1123 1559 1249 1637 privavi3
1271 1577 1327 1635 ego
1341 1556 1402 1615 An-

330 1655 446 1714 tonium
468 1654 630 1734 conlegam,
645 1656 784 1734 cupidum
807 1657 983 1734 provinciae,
998 1654 1093 1715 multa
1112 1656 1144 1714 in
1164 1654 1327 1733 republica
1339 1672 1401 1710 mo·

324 1752 460 1824 lientem,
472 1752 616 1831 patientia
626 1760 713 1831 atque
725 1752 867 1830 obsequio
879 1750 973 1834 [meo]
986 1753 1136 1831 mitigari3
1150 1771 1207 1831 ego
1219 1749 1401 1830 provinciam

324 1849 457 1908 Galliam
481 1859 599 1908 senatus
623 1849 796 1908 auctoritate
821 1850 950 1907 exercitu
974 1857 1006 1908 et
1029 1849 1154 1928 pecnnia
1176 1849 1348 1907 instructam
1371 1852 1402 1904 et

327 1954 472 2017 ornatam,
489 1966 576 2024 quam
599 1965 665 2004 cum
688 1946 820 2004 Antonio
835 1946 1025 2017 commutavi,
1041 1945 1122 2024 quod
1143 1945 1187 2003 ita
1200 1942 1402 2002 existimabam

327 2043 521 2122 temporanei
536 2041 669 2122 publicae
683 2043 764 2116 serre,
777 2043 807 2100 iu
818 2044 956 2102 contione
967 2043 1091 2121 deposui
1101 2042 1278 2101 reclamante
1292 2039 1401 2119 populo

328 2140 485 2213 ¹Romau03
508 2159 563 2218 ego
578 2139 609 2198 Ia
625 2139 791 2211 Catilinam,
805 2139 925 2198 caedem
940 2148 1067 2212 senatus,
1081 2138 1234 2197 interitum
1249 2137 1329 2196 urbia
1342 2154 1402 2194 non

331 2236 466 2309 obscure,
481 2237 533 2294 sed
555 2236 649 2315 palam
673 2236 853 2307 molientem,
876 2237 977 2311 egredi
999 2257 1034 2294 ex
1057 2235 1130 2294 urbe
1151 2235 1232 2302 inssi,
1251 2240 1292 2306 ut,
1306 2253 1325 2291 a
1345 2252 1402 2312 qno

328 2333 448 2412 legibus
471 2353 530 2391 non
551 2342 728 2411 poteramus,
743 2333 898 2391 moenibus
921 2334 978 2391 tuti
1000 2353 1063 2391 esse
1076 2349 1245 2412 possemus3
1267 2349 1324 2409 ego
1343 2330 1404 2389 tela

328 2441 466 2490 extremo
480 2451 580 2490 meuse
595 2432 762 2490 consulatus
782 2432 841 2488 mei
861 2432 976 2489 intenta
988 2431 1098 2509 iugulis
1111 2429 1240 2488 civitatis
1254 2428 1291 2487 de
1304 2428 1404 2486 coniu-

327 2536 461 2588 ratorum
477 2529 595 2588 nefariis
607 2529 738 2586 manibus
749 2527 874 2600 extorsi3
895 2547 951 2605 ego
962 2528 1042 2586 faces
1052 2528 1110 2585 iam
1121 2546 1256 2585 accensas
1265 2525 1304 2583 ad
1318 2525 1404 2584 huius

328 2625 414 2684 urbis
428 2626 595 2684 incendium
615 2624 835 2704 comprehendi,
851 2625 968 2703 protuli,
984 2625 1118 2683 exstinxi.
1161 2622 1209 2682 Me
1223 2621 1258 2692 Q.
1274 2622 1403 2695 Catulus,
1456 2681 1459 2688 ,

326 2723 469 2801 princeps
490 2722 580 2780 huius
602 2722 713 2781 ordinis
735 2730 765 2780 et
787 2730 889 2780 auctor
902 2720 1014 2800 publici
1028 2719 1153 2792 consilii,
1167 2719 1403 2797 frequentissimo

332 2828 436 2888 senatu
450 2829 599 2899 parentem
614 2821 726 2900 patriae
739 2820 920 2892 nominavit3
942 2819 1015 2876 mihi
1037 2818 1081 2876 vir
1101 2817 1278 2876 clarissimus
1292 2816 1324 2876 L
1338 2815 1405 2874 Gel-

327 2917 389 2976 lius
410 2917 458 2976 his
479 2916 667 2976 audientibus
684 2917 803 2976 civicam
828 2935 965 2975 coronam
980 2915 1081 2974 deberi
1096 2933 1158 2973 are
1171 2912 1291 2993 publica
1310 2913 1403 2985 dixit3

333 3015 408 3074 mibi
421 3022 525 3093 togato
540 3022 657 3074 senatus
678 3034 746 3087 uon,
761 3022 794 3072 ut
814 3013 924 3084 multis,
939 3013 1015 3073 bene
1035 3018 1145 3091 gestae,
1160 3011 1221 3084 sed,
1237 3017 1272 3069 ut
1283 3011 1404 3083 nemini,

333 3119 521 3171 conservatae
541 3113 583 3170 rei
605 3111 740 3190 publicae
762 3111 903 3189 singulari
923 3128 1030 3188 genere
1044 3107 1268 3188 supplicationis
1281 3107 1404 3166 deorum

328 3209 543 3268 immortalium
568 3208 680 3286 templa
703 3209 849 3287 patefecit
899 3208 966 3286 Ego
993 3227 1060 3266 cum
1084 3207 1117 3264 in
1140 3206 1280 3264 contione
1303 3204 1405 3262 abiens

335 3307 506 3385 magistratu
521 3305 619 3364 dicere
641 3325 659 3363 a
680 3304 799 3364 tribuno
822 3306 917 3385 plebis
938 3305 1110 3384 prohiberer
1122 3323 1158 3362 ea
1171 3323 1246 3382 qnae
1261 3303 1404 3361 constitu-

333 3422 422 3475 eram,
437 3423 504 3461 cum
518 3403 543 3460 is
557 3401 632 3460 mihi
647 3409 760 3460 tautum
776 3403 866 3460 modo
880 3410 914 3460 ut
926 3403 1052 3460 iurarem
1065 3400 1259 3479 permitteret,
1270 3400 1333 3458 sine
1347 3418 1406 3456 nna

328 3501 519 3559 dubitatione
541 3501 644 3573 iuravi,
660 3500 890 3578 rempublicam
912 3507 1001 3578 atque
1025 3499 1100 3556 banc
1122 3497 1226 3556 urbem
1239 3517 1306 3555 mea
1318 3497 1406 3555 nnius

333 3617 425 3676 opera
446 3616 508 3656 esse
530 3596 648 3670 salvam,
663 3617 696 3656 ao
719 3597 792 3654 mihi
810 3597 937 3676 populus
959 3596 1111 3654 Romanus
1131 3594 1284 3653 universus
1303 3594 1355 3651 illa
1373 3594 1405 3651 in

333 3695 472 3754 contione
486 3714 546 3753 uon
560 3694 648 3753 unius
665 3695 726 3753 diei
747 3694 982 3773 gratulationem,
997 3695 1051 3753 sed
1071 3693 1275 3752 aeternitatem
1289 3691 1408 3750 immor

220 3853 221 3856 ,
328 3791 537 3870 talitatemque
551 3792 681 3864 donavit,
694 3811 759 3850 cum
775 3811 874 3850 meum
887 3792 934 3849 ius
947 3789 1102 3849 iurandum
1116 3788 1176 3847 tale
1189 3795 1277 3867 atque
1290 3795 1406 3847 tantum

330 3891 447 3949 iuratus
460 3889 524 3967 ipse
539 3908 598 3947 una
611 3908 683 3947 voce
700 3897 730 3947 et
750 3908 893 3947 consensu
913 3887 1104 3967 approbarit3
1126 3905 1186 3965 quo
1201 3886 1321 3964 quidem
1334 3893 1407 3944 tem-

332 4007 408 4066 pore
421 3987 448 4044 is
461 4005 543 4045 meus
553 3986 674 4044 domum
689 3987 747 4045 tuit
760 4007 776 4044 e
790 3987 854 4045 foro
868 3986 988 4058 reditus,
999 3993 1033 4043 ut
1046 4004 1143 4056 nemo,
1154 3983 1212 4042 nisi
1227 3983 1277 4062 qui
1291 3982 1407 4040 mecum

337 4091 422 4160 esset,
437 4083 545 4142 civium
560 4103 623 4142 esse
636 4084 666 4141 in
681 4102 803 4142 numero
818 4083 974 4142 videretur.
1016 4083 1119 4161 Atque
1131 4081 1176 4140 ita
1189 4088 1235 4140 est
1246 4096 1266 4138 a
1278 4099 1326 4138 me
1339 4099 1409 4139 cou-

337 4181 448 4240 sulatus
461 4187 605 4260 peractus,
621 4189 654 4239 ut
676 4181 747 4239 nibil
771 4181 835 4240 sinc
855 4181 979 4240 oonsilio
1000 4186 1127 4251 senatus,
1142 4177 1217 4236 nibil
1231 4197 1291 4236 uon
1304 4195 1409 4257 appro-

334 4277 428 4340 bante
447 4279 558 4358 populo
581 4277 715 4336 Romano
735 4278 856 4356 egerim,
870 4285 904 4337 ut
923 4295 1040 4355 semper
1059 4277 1091 4334 in
1111 4274 1227 4334 Rostris
1240 4274 1362 4348 curiam,
1376 4273 1408 4332 iu
