3334 5109
338 394 387 447 68
776 394 961 447 LATINE.

337 580 460 640 ccmque
475 571 624 641 cognorat,
640 563 716 620 hunc
736 563 766 619 in
785 562 1014 619 familiaritatem
1028 562 1222 619 libentissime
1236 560 1405 640 recipiebat.

338 658 482 738 (Philipp.
499 667 525 731 2,
542 658 558 739 ξ
575 658 636 737 78.)

401 755 477 838 (13.)
501 757 536 815 Ιιι
557 757 610 814 hac
631 775 701 833 paee
719 754 756 833 (a
770 776 796 813 u.
809 776 831 813 c.
851 756 920 834 709)
943 755 1036 813 multa
1056 762 1133 827 sunt,
1156 775 1229 834 quac
1251 775 1288 815 ne
1309 756 1406 835 ipsum

337 854 456 931 quidem
472 853 624 911 Caesarem
640 852 792 910 delectant.
835 852 976 910 bellorum
998 853 1077 911 enim
1098 852 1229 910 civilium
1250 853 1272 909 ii
1291 871 1407 929 semper

336 952 433 1010 exitus
447 957 523 1022 sunt,
539 958 644 1007 utnon
659 968 692 1005 ea
706 949 798 1006 solum
813 949 892 1021 fiant,
908 970 982 1027 quae
996 950 1067 1008 velit
1081 951 1183 1021 victor,
1198 948 1250 1007 sed
1265 950 1363 1020 etiam,
1373 956 1407 1006 ut

336 1047 373 1106 iis
387 1068 451 1105 mos
461 1046 606 1125 gerendus
617 1045 664 1116 sit,
677 1046 782 1123 quibus
796 1047 977 1105 adiutoribus
991 1049 1031 1105 sit
1044 1054 1128 1125 parta
1138 1047 1268 1104 victoria
1300 1044 1405 1124 (Epist

335 1143 375 1201 ad
389 1142 481 1199 famil.
499 1148 544 1213 ra,
559 1148 604 1213 rs,
618 1139 660 1221 a.)

398 1237 473 1319 (14.)
497 1239 612 1298 Caesari
627 1247 736 1297 certum
751 1246 818 1311 erat,
835 1240 946 1298 Romae
960 1260 1077 1298 manere
1093 1238 1131 1319 (a
1145 1259 1172 1296 u.
1186 1259 1209 1299 c.
1227 1237 1309 1319 709),
1324 1259 1406 1298 nese

335 1335 457 1395 absente
470 1336 549 1415 leges
563 1355 631 1394 suae
645 1336 874 1413 neglegerentur,
890 1338 966 1395 sicut
979 1349 1057 1395 esset
1070 1335 1203 1414 neglecta
1216 1336 1404 1414 sumptuaria

338 1434 445 1514 (Epist
457 1435 496 1493 ad
511 1435 599 1494 Attio.
617 1442 662 1507 13,
676 1436 701 1507 7,
716 1435 756 1513 1.)

399 1531 477 1612 (15.)
500 1531 658 1610 Cogitabat
671 1531 776 1589 Caesar
790 1532 828 1606 (a
840 1553 867 1591 u.
880 1552 904 1590 c.
921 1533 993 1606 709)
1010 1536 1132 1607 sponte
1146 1529 1259 1587 Mulvio
1272 1527 1404 1587 'Tiberim

335 1627 444 1686 ducere
465 1629 625 1686 secuudum
646 1636 760 1687 montes
775 1629 941 1700 Vaticanos,
957 1646 1093 1705 campum
1114 1627 1253 1684 Martium
1267 1625 1405 1685 coaedifi-

335 1744 410 1798 care,
425 1725 506 1782 illum
521 1733 618 1783 autem
633 1745 766 1805 campum
780 1726 957 1783 Vaticanum
970 1725 1065 1783 facere
1080 1724 1163 1803 quasi
1176 1722 1316 1782 Martium
1330 1743 1406 1783 cam-

334 1842 414 1901 pum.
459 1822 566 1901 (Epist.
582 1823 620 1880 ad
634 1822 724 1881 Attio.
743 1829 787 1895 13,
800 1830 847 1895 33,
860 1822 902 1901 4.)

399 1917 477 1998 (16.)
500 1919 608 1977 Sullam
624 1928 739 1978 secutus
754 1929 797 1977 est
810 1922 836 1977 is
852 1919 884 1998 (i.
900 1939 936 1990 e.,
948 1917 1078 1995 Caesar),
1094 1918 1190 1997 quiin
1204 1937 1292 1977 causa
1304 1919 1404 1995 impia,

334 2014 458 2073 victoria
471 2017 559 2073 etiam
573 2017 714 2089 foediore,
730 2036 789 2075 non
810 2016 991 2093 singulorum
1012 2015 1120 2073 civium
1139 2014 1218 2073 bona
1229 2015 1403 2093 publicaret,

335 2111 388 2169 scd
403 2114 550 2170 universas
564 2114 727 2190 provincias
738 2114 926 2190 regionesque
937 2132 996 2169 uuo
1010 2111 1187 2169 calamit-atis
1200 2112 1263 2170 iure
1276 2130 1407 2190 compre·

334 2205 484 2266 hendcrct.
529 2208 590 2288 (De
604 2208 686 2267 Offic.
703 2215 729 2275 2,
745 2208 761 2288 ξ
778 2208 838 2286 27.)

399 2303 476 2384 (17.)
500 2304 530 2363 L.
555 2305 659 2377 Sullae,
684 2304 716 2363 C.
740 2305 869 2362 Caesaris
890 2306 1079 2383 pecuniarum
1101 2304 1252 2363 tsanslatio
1277 2324 1295 2363 a
1318 2305 1404 2364 iustis

335 2400 465 2459 dominis
479 2404 515 2461 ad
531 2402 641 2461 alienos
655 2422 714 2461 non
728 2402 816 2461 debet
829 2402 956 2460 liberalis
967 2402 1077 2474 videri;
1092 2401 1167 2459 nihil
1180 2409 1226 2460 est
1239 2402 1319 2460 enim
1333 2401 1406 2462 libs·

332 2498 402 2571 rale,
416 2500 496 2577 quod
509 2520 569 2559 non
583 2500 662 2558 idem
677 2500 792 2557 iustum.
838 2499 897 2578 (De
912 2498 995 2558 Offic.
1013 2507 1039 2571 l,
1055 2499 1148 2578 §43.)

653 2610 769 2678 [Reliqua
781 2612 887 2676 deinceps
893 2612 1088 2679 persequemur]

337 2789 471 2835 OEOERO.
500 2790 614 2841 [Altera
626 2791 715 2843 par-s]

396 2890 452 2973 (7.)
478 2890 550 2973 [675
569 2920 601 2947 =
621 2892 673 2974 79]
698 2894 768 2951 Erat
782 2914 816 2951 eo
835 2902 967 2971 tempore
983 2894 1012 2950 in
1028 2892 1113 2951 nobis
1128 2913 1242 2952 summa
1255 2893 1404 2972 gracilitas

333 2996 366 3047 et
379 2989 533 3049 infirmitas
547 2992 684 3069 corporis,
700 3010 852 3069 procerum
873 3000 903 3048 et
923 2999 1011 3049 tenue
1026 2990 1151 3049 collum:
1174 2992 1226 3068 qui
1239 2990 1359 3049 habitus
1373 2998 1404 3050 et

334 3106 409 3164 quac
424 3086 518 3165 figura
530 3108 589 3145 non
608 3089 708 3167 procul
726 3088 824 3147 abesse
842 3096 961 3165 putatur
974 3108 992 3145 a
1004 3092 1082 3146 vitae
1096 3087 1234 3166 periculo,
1249 3089 1275 3145 si
1289 3088 1405 3147 accedit

334 3182 418 3241 labor
431 3191 462 3242 et
474 3185 596 3242 laterum
618 3203 724 3262 magna
744 3185 901 3255 contentio,
917 3204 1010 3262 eoque
1031 3187 1126 3263 magis
1147 3184 1204 3243 hoc
1225 3204 1284 3258 eos,
1298 3184 1404 3263 quibus

332 3298 413 3337 eram
428 3299 518 3354 carus,
534 3281 744 3353 commovebat,
761 3281 839 3359 quod
855 3282 952 3338 omnia
966 3281 1028 3339 sine
1043 3282 1221 3355 remissione,
1237 3282 1300 3340 sine
1313 3282 1405 3340 varie-

332 3382 402 3450 tate,
426 3378 456 3434 vi
480 3398 592 3435 summa
616 3379 695 3435 vocis
720 3385 749 3436 et
770 3379 861 3435 totius
885 3379 1013 3457 corporis
1041 3379 1229 3437 contentione
1258 3378 1400 3441 dicebam.

334 3472 438 3552 Itaque
460 3494 526 3532 cum
547 3496 593 3533 me
614 3482 644 3533 et
664 3476 750 3533 amici
771 3483 800 3533 et
819 3475 926 3533 medici
946 3474 1141 3548 hortarentur,
1155 3483 1190 3535 ut
1202 3494 1304 3533 causas
1316 3496 1403 3555 agere

334 3570 514 3645 desisterem,
537 3572 659 3651 quodvis
680 3574 776 3649 pot-ius
796 3572 958 3650 periculum
983 3571 1057 3629 mihi
1086 3571 1255 3630 adeundum
1276 3591 1363 3650 quam
1386 3592 1404 3630 a

333 3674 451 3745 sperata
464 3668 582 3727 dicendi
602 3669 696 3747 gloria
716 3669 924 3727 discedendum
946 3670 1054 3746 putavi.
1096 3669 1149 3727 sed
1169 3688 1237 3726 cum
1254 3688 1401 3727 censerem

332 3766 505 3824 remissione
520 3774 549 3823 et
560 3766 757 3824 moderatione
772 3767 851 3823 vocis
864 3771 894 3823 et
908 3771 1087 3823 commutato
1101 3785 1208 3843 genere
1222 3766 1341 3824 dicendi
1354 3785 1402 3825 me

331 3869 365 3920 et
385 3864 546 3941 periculum
567 3864 658 3921 vitare
677 3884 769 3943 posse,
786 3871 814 3921 et
835 3864 1023 3941 temperatius
1044 3863 1150 3937 dicere,
1164 3870 1198 3921 ut
1217 3862 1404 3921 consuetudi-

332 3978 402 4017 nem
418 3960 536 4018 dicendi
550 3968 701 4033 mutarem,
717 3981 750 4019 ea
764 3980 849 4019 causa
862 3960 935 4018 mihi
949 3961 981 4018 in
995 3960 1098 4018 Asiam
1111 3960 1316 4039 proficiscendi
1334 3960 1400 4019 fuit.

333 4056 438 4135 Itaque
460 4077 526 4115 cunr
552 4077 644 4115 essem
668 4056 814 4115 biennium
829 4066 959 4117 versatus
981 4058 1013 4116 in
1036 4058 1130 4116 causis
1152 4064 1182 4115 et
1205 4058 1264 4114 iam
1281 4057 1314 4114 in
1333 4057 1401 4115 foro

332 4154 510 4212 celebratum
534 4174 632 4212 meum
659 4173 764 4212 nomen
789 4163 872 4228 esset,
896 4155 992 4213 Roma
1021 4174 1087 4213 sum
1118 4154 1279 4232 profectus·
1325 4153 1401 4213 Cum

327 4252 476 4310 'venissem
490 4249 632 4324 Athenas,
647 4270 697 4309 sex
718 4252 823 4309 mensis
845 4270 910 4310 curn
931 4250 1081 4310 Antiocho
1102 4252 1209 4310 veteris
1222 4250 1401 4311 Academiae
