3334 5109
700 428 888 480 LATINE.
1279 431 1329 483 97

305 592 336 643 Β.
354 593 419 650 Quid
430 608 497 643 nuuc
508 596 645 644 Chremes?

306 676 340 725 A.
358 678 505 725 Amantium
523 678 580 738 irae,
599 679 641 737 ait,
660 679 750 726 amoris
769 678 903 741 integratio
919 684 966 727 est.
1001 678 1069 727 Simo
1086 684 1168 726 autem
1186 677 1290 742 flagitat,
1301 685 1331 727 ut

255 759 359 819 nuptiae
371 759 440 821 fiant,
453 761 596 821 priusquam
614 760 731 808 lacrimae
748 760 848 820 dolique
861 761 971 808 Andriae
982 759 1139 821 Pamphilum
1151 766 1329 809 commoveant.

255 840 304 890 Sed
321 841 438 891 Chremes
455 850 531 906 negat
547 856 574 891 se
591 842 690 891 credere
708 843 867 904 Pamphilum
885 843 1026 904 Glycerium
1043 841 1238 904 repudiaturum,
1250 858 1331 904 neque

255 924 319 973 velle
336 925 413 972 filiam
430 926 489 975 dare
500 927 554 974 viro
571 927 614 987 qui
631 925 705 973 aliam
723 931 806 985 amet3
824 932 994 989 rogataque
1011 926 1075 974 sciat
1091 940 1134 974 eos
1151 940 1218 975 nunc
1228 927 1331 976 interae

252 1006 419 1055 discordare?

307 1088 336 1137 B.
356 1088 472 1138 Habetne
483 1088 558 1152 Simo,
571 1092 637 1152 quod
649 1091 819 1152 respondeat?

305 1169 340 1219 A.
360 1170 426 1219 Dicit
437 1172 541 1235 Davum,
553 1172 593 1221 cui
604 1173 687 1221 omnia
698 1172 802 1221 consilia
818 1172 863 1220 filii
881 1177 940 1219 nota
957 1173 1015 1234 sint,
1027 1172 1075 1220 sibi
1086 1177 1167 1220 totam
1178 1186 1231 1220 rem
1244 1187 1331 1234 aperu-

252 1251 313 1313 isse,
325 1258 351 1301 et
362 1254 537 1316 monuissent
553 1256 654 1317 nuptias
672 1269 746 1316 quam
764 1254 910 1302 maturrime
927 1254 1049 1303 conficiat.
1084 1253 1179 1310 Quibus
1195 1253 1278 1301 verbis
1290 1252 1331 1300 ad·

256 1335 346 1382 ductus
357 1335 475 1384 Chremes
488 1336 624 1398 pollicetur,
638 1336 659 1384 si
670 1335 734 1383 nihil
745 1335 795 1384 doli
807 1335 892 1396 lateat,
904 1350 932 1383 se
944 1334 1020 1383 liliam
1032 1335 1156 1384 daturum.

305 1415 336 1467 B.
355 1418 457 1465 Astutia
468 1418 533 1465 servi
544 1418 605 1465 mihi
617 1419 643 1465 in
654 1419 760 1466 eundem
772 1418 838 1465 verti
849 1418 953 1466 videtur.

306 1499 340 1548 A.
359 1498 400 1547 lta
416 1498 506 1548 hercle.
540 1500 616 1548 Venit
629 1506 712 1548 autem
724 1501 825 1560 inscius,
838 1500 939 1547 simulat
955 1513 984 1548 se
994 1500 1153 1549 vehementer
1168 1499 1264 1561 nuptiis
1280 1505 1331 1547 stu·

256 1580 321 1643 dere,
333 1595 384 1642 quo
395 1582 483 1629 melius
494 1582 597 1629 consilia
607 1588 677 1645 tegat
687 1598 693 1643 ς
711 1588 790 1645 rogat,
802 1596 848 1629 cur
859 1596 928 1642 uxor,
940 1596 997 1629 cum
1008 1582 1061 1644 jam
1072 1581 1269 1643 advesperascat,
1280 1593 1331 1626 uon

256 1663 356 1711 domum
369 1664 481 1713 ducatur.
516 1664 563 1713 Sed
574 1679 631 1713 cum
643 1664 773 1713 Chremem
791 1669 816 1711 et
833 1663 965 1725 Simonem,
978 1678 1005 1711 re
1015 1663 1159 1724 composlta,
1171 1661 1257 1710 eadem
1268 1660 1332 1709 velle

256 1746 359 1806 videret,
372 1746 526 1807 obstipescit,
546 1747 622 1795 sentit
642 1760 669 1795 se
687 1746 781 1794 astutia
800 1746 910 1804 victum3
927 1745 995 1794 Simo
1013 1745 1080 1793 haud
1097 1745 1189 1792 invitus
1205 1745 1332 1806 perturba

256 1828 350 1875 tionem
371 1827 437 1875 servi
449 1826 524 1888 ridet,
536 1826 632 1875 laetitia
649 1834 731 1876 autem
752 1828 840 1887 celata,
852 1828 924 1889 jubet
941 1842 999 1876 eum
1017 1826 1050 1875 ad
1069 1825 1227 1888 Pamphilum
1246 1826 1291 1888 ire,
1302 1832 1331 1873 ut

254 1909 316 1957 huic
328 1910 420 1971 omma,
433 1923 497 1969 quae
508 1910 638 1971 audiverit,
650 1910 755 1958 nuntiet.

307 1990 337 2039 B.
356 1989 485 2046 Quomodo
496 1990 638 2038 adolescens
650 1990 717 2038 hunc
727 1991 843 2038 nuntium
856 1991 965 2052 accipit?

305 2073 341 2121 A.
360 2073 533 2121 Molestissime
551 2087 624 2132 ver03
648 2072 696 2121 sibi
716 2073 824 2134 primum
847 2073 882 2121 rei
908 2072 1006 2133 culpam
1029 2072 1125 2133 tribuit,
1143 2073 1187 2133 qui
1204 2072 1330 2121 fortunam

250 2170 329 2204 :servo
340 2156 498 2204 commiserit
534 2155 621 2205 Secum
633 2156 731 2215 quaerit
748 2155 807 2215 quid
826 2155 891 2215 patri
909 2155 991 2215 dicat;
1007 2169 1068 2202 num
1085 2168 1166 2216 posse,
1177 2155 1251 2203 modo
1262 2154 1332 2217 polli-

256 2238 328 2299 citus,
340 2252 433 2301 negare
444 2253 470 2286 se
482 2238 557 2286 liliam
570 2238 681 2286 Chremis
693 2238 833 2286 ducturum.
869 2237 963 2286 Deinde
983 2250 1082 2285 servum
1099 2243 1247 2299 exsecratur,
1259 2237 1331 2300 cujus

250 2320 368 2369 ¹consiliis
380 2335 408 2369 se
419 2321 543 2381 perditum
555 2326 632 2382 putet.

306 2402 337 2452 B.
355 2403 484 2460 Quomodo
495 2417 581 2452 servus
593 2417 619 2451 se
631 2402 731 2450 domino
742 2404 865 2449 excusat?

307 2485 341 2534 A.
359 2485 391 2534 Se
402 2485 502 2545 quidem
514 2484 634 2532 stultitiae
646 2490 754 2545 accusat,
765 2484 808 2531 sed
821 2483 951 2545 pollicetur
963 2498 990 2532 se
1000 2498 1070 2532 erum
1082 2484 1129 2532 hac
1140 2483 1253 2532 molestia
1259 2499 1331 2547 expe·

251 2567 373 2616 diturum.
409 2568 509 2615 Interea
520 2566 641 2615 Charinus
653 2568 737 2627 intrat,
751 2567 794 2615 sed
812 2568 999 2627 perturbatione
1013 2567 1104 2615 mentis
1121 2566 1244 2615 neminem
1255 2566 1330 2616 videt

251 2648 346 2697 :Secum
358 2649 455 2710 quaerit
467 2648 571 2697 adeatne
587 2648 619 2696 ad
637 2649 795 2711 Pamphilum
812 2656 911 2697 etcum
928 2662 958 2697 eo
974 2650 1040 2697 hanc
1050 2649 1166 2711 injuriam
1177 2648 1332 2710 expostulet;

257 2732 395 2791 praesentit
412 2745 439 2779 se
455 2731 517 2778 nihil
534 2730 690 2793 effecturum,
708 2732 859 2793 placiturum
876 2738 960 2779 autem
978 2731 1110 2779 molestum
1121 2731 1144 2779 ei
1156 2731 1234 2779 ruisse
1245 2736 1271 2779 et
1281 2731 1332 2779 aui-

258 2827 325 2860 mum
338 2827 411 2861 suurn
423 2814 536 2862 satiasse.

307 2894 338 2944 B.
356 2895 420 2943 Utra
431 2896 555 2943 sententia
567 2896 651 2944 valet?

266 2960 269 2965 ¹
307 2977 342 3026 A.
360 2977 425 3025 Dum
438 2978 537 3041 cogitat,
549 2978 694 3040 Pamphilus
712 2994 768 3027 eum
787 2978 852 3026 ultro
869 2978 1019 3041 aggreditur,
1031 2979 1091 3026 dicit
1107 2992 1135 3026 se
1151 2978 1331 3039 imprudentem

251 3060 379 3108 ambobus
391 3060 558 3109 calamitatem
570 3061 689 3109 attulisse.

308 3141 338 3191 B.
357 3142 458 3192 Haeene
469 3144 595 3192 excusatio
607 3144 714 3191 Charino
725 3144 795 3204 justa
807 3143 922 3190 videtur?

309 3225 343 3274 A.
363 3224 464 3274 Minime
480 3240 552 3274 vero:
571 3225 617 3273 hoc
630 3227 644 3249 “
652 3225 795 3286 imprudens
804 3226 818 3247 ”
830 3238 881 3271 ιιοιι
898 3225 984 3285 audit3
1001 3239 1029 3273 se
1040 3224 1133 3287 culpat,
1143 3224 1187 3285 qui
1199 3224 1270 3272 amici
1281 3224 1333 3272 ani·

258 3322 328 3355 mum
339 3322 371 3356 ex
382 3321 428 3355 suo
440 3308 523 3355 auimo
534 3307 690 3369 spectaverit.

309 3391 339 3442 B.
358 3390 485 3447 Quomodo
497 3389 641 3451 Pamphilus
653 3402 680 3437 se
692 3390 823 3439 defendit?

308 3472 344 3521 A.
362 3470 466 3532 Gtrlpam
482 3477 561 3520 totam
578 3485 655 3533 penes
672 3485 772 3519 servum
788 3486 845 3519 esse
860 3471 978 3533 declarat,
990 3471 1034 3531 qui
1044 3472 1204 3520 vehementer
1214 3471 1334 3519 institerit

261 3559 289 3602 ut
306 3554 371 3615 patri
391 3553 457 3601 dicat
474 3568 502 3601 se
520 3553 627 3615 puellam
645 3554 785 3603 ducturum.
820 3553 942 3601 Charinus
962 3554 1060 3602 Davum
1080 3560 1235 3616 praesentem
1253 3560 1333 3617 rogat,

259 3649 320 3683 num
338 3635 400 3684 haec
417 3650 476 3684 vera
492 3636 560 3683 sint?
595 3636 620 3683 Is
640 3635 774 3697 respondet
792 3650 845 3684 reru
866 3637 902 3683 ita
920 3650 990 3696 esse;
1008 3650 1036 3684 se
1054 3641 1138 3684 autem
1156 3635 1270 3695 quamvis
1290 3635 1332 3684 de·

256 3723 360 3779 ceptum
377 3719 487 3767 nondum
510 3718 614 3766 salutem
638 3719 774 3779 desperare.
819 3718 882 3766 Boni
901 3718 965 3766 servi
981 3732 1044 3780 esse,
1064 3723 1151 3766 noctes
1169 3716 1271 3778 diesque
1287 3733 1333 3780 pro

257 3800 362 3848 domino
379 3798 505 3861 laborare3
522 3799 614 3849 domini
630 3800 693 3861 justi
711 3814 772 3860 esse,
790 3814 863 3848 servo
881 3800 1016 3863 ignoscere,
1035 3802 1057 3849 si
1073 3800 1133 3862 quid
1148 3806 1246 3864 praeter
1262 3814 1332 3863 spem

258 3882 379 3931 evenerit.

310 3964 341 4013 B.
359 3964 527 4013 Persuadetne
538 3966 644 4024 domino,
656 3970 685 4011 ut
697 3965 744 4013 sibi
756 3964 889 4027 ignoscat?

311 4047 345 4095 A.
364 4046 510 4109 Pamphilus
529 4061 586 4095 eum
608 4047 692 4094 omnia
713 4046 739 4094 iu
762 4046 896 4108 pristinum
912 4047 995 4095 locum
1011 4047 1140 4096 restituere
1155 4046 1233 4108 jubet
1268 4046 1333 4095 Dum

261 4128 377 4190 loquitur,
390 4130 480 4179 ancilla
496 4129 591 4191 Glyceri
603 4130 678 4190 venit,
695 4135 724 4177 ut
744 4129 902 4190 Pamphilum
919 4136 1006 4191 vocet3
1023 4130 1148 4178 dominam
1167 4128 1219 4191 jam
1238 4128 1333 4191 pridem

262 4226 319 4261 eum
330 4212 413 4261 videre
424 4227 521 4275 cupere.

312 4294 342 4343 B.
361 4295 454 4344 Vultne
466 4294 610 4357 Pamphilus
622 4308 740 4356 sponsam
751 4293 855 4343 videre?
