<?xml version="1.0" encoding="UTF-8"?>
<!DOCTYPE html PUBLIC "-//W3C//DTD XHTML 1.0 Transitional//EN"
    "http://www.w3.org/TR/xhtml1/DTD/xhtml1-transitional.dtd">
<html xmlns="http://www.w3.org/1999/xhtml" xml:lang="en" lang="en">
 <head>
  <title>
</title>
<meta http-equiv="Content-Type" content="text/html;charset=utf-8" />
  <meta name='ocr-system' content='tesseract 3.04.00' />
  <meta name='ocr-capabilities' content='ocr_page ocr_carea ocr_par ocr_line ocrx_word'/>
</head>
<body>
  <div class='ocr_page' id='page_1' title='image "./latineetgraece00unkngoog_0196.png"; bbox 0 0 3334 5109; ppageno 0'>
   <div class='ocr_carea' id='block_1_1' title="bbox 343 411 965 466">
    <p class='ocr_par' dir='ltr' id='par_1_1' title="bbox 343 411 965 466">
     <span class='ocr_line' id='line_1_1' title="bbox 343 411 965 466; baseline 0.003 -3"><span class='ocrx_word' id='word_1_1' title='bbox 343 411 414 465; x_wconf 81' lang='lat'>186</span> <span class='ocrx_word' id='word_1_2' title='bbox 777 413 965 466; x_wconf 75' lang='lat' dir='ltr'><strong>LATINE.</strong></span> 
     </span>
    </p>
   </div>
   <div class='ocr_carea' id='block_1_2' title="bbox 335 579 1411 4339">
    <p class='ocr_par' dir='ltr' id='par_1_2' title="bbox 399 579 967 658">
     <span class='ocr_line' id='line_1_2' title="bbox 399 579 967 658; baseline 0.004 -22"><span class='ocrx_word' id='word_1_3' title='bbox 399 579 587 638; x_wconf 87' lang='lat' dir='ltr'>B.-N0nue</span> <span class='ocrx_word' id='word_1_4' title='bbox 602 579 686 657; x_wconf 86' lang='lat' dir='ltr'>lyrici</span> <span class='ocrx_word' id='word_1_5' title='bbox 701 581 809 637; x_wconf 91' lang='lat' dir='ltr'>oratori</span> <span class='ocrx_word' id='word_1_6' title='bbox 825 582 967 658; x_wconf 89' lang='lat' dir='ltr'>prosuutl</span> 
     </span>
    </p>

    <p class='ocr_par' dir='ltr' id='par_1_3' title="bbox 337 675 1411 1045">
     <span class='ocr_line' id='line_1_3' title="bbox 398 675 1409 756; baseline 0 -24"><span class='ocrx_word' id='word_1_7' title='bbox 398 675 503 733; x_wconf 85' lang='grc' dir='ltr'><strong><em>Α.--Ε</em></strong></span> <span class='ocrx_word' id='word_1_8' title='bbox 519 695 624 734; x_wconf 84' lang='lat' dir='ltr'>novem</span> <span class='ocrx_word' id='word_1_9' title='bbox 638 675 738 753; x_wconf 76' lang='lat' dir='ltr'>lyricis</span> <span class='ocrx_word' id='word_1_10' title='bbox 753 677 917 756; x_wconf 77' lang='lat' dir='ltr'>praecipuis</span> <span class='ocrx_word' id='word_1_11' title='bbox 939 676 1076 734; x_wconf 72' lang='lat' dir='ltr'>laudibus</span> <span class='ocrx_word' id='word_1_12' title='bbox 1100 675 1264 734; x_wconf 88' lang='lat' dir='ltr'>Pindarum</span> <span class='ocrx_word' id='word_1_13' title='bbox 1284 675 1409 734; x_wconf 86' lang='lat' dir='ltr'>extollit</span> 
     </span>
     <span class='ocr_line' id='line_1_4' title="bbox 337 771 1409 851; baseline -0.001 -21"><span class='ocrx_word' id='word_1_14' title='bbox 337 771 503 830; x_wconf 84' lang='lat' dir='ltr'>Meministi</span> <span class='ocrx_word' id='word_1_15' title='bbox 519 773 674 830; x_wconf 81' lang='lat' dir='ltr'>Horatium</span> <span class='ocrx_word' id='word_1_16' title='bbox 690 773 808 831; x_wconf 87' lang='lat' dir='ltr'>credere</span> <span class='ocrx_word' id='word_1_17' title='bbox 822 775 948 832; x_wconf 87' lang='lat' dir='ltr'>eundern</span> <span class='ocrx_word' id='word_1_18' title='bbox 963 774 1074 831; x_wconf 87' lang='lat' dir='ltr'>nemini</span> <span class='ocrx_word' id='word_1_19' title='bbox 1088 772 1272 830; x_wconf 77' lang='lat' dir='ltr'>imitabilem.</span> <span class='ocrx_word' id='word_1_20' title='bbox 1308 771 1355 851; x_wconf 84' lang='lat' dir='ltr'>[C.</span> <span class='ocrx_word' id='word_1_21' title='bbox 1370 773 1409 843; x_wconf 84' lang='lat' dir='ltr'>iv,</span> 
     </span>
     <span class='ocr_line' id='line_1_5' title="bbox 338 869 1411 950; baseline 0 -24"><span class='ocrx_word' id='word_1_22' title='bbox 338 869 380 950; x_wconf 75' lang='grc'>2.]</span> <span class='ocrx_word' id='word_1_23' title='bbox 424 869 624 927; x_wconf 83' lang='lat' dir='ltr'>Stesichorum</span> <span class='ocrx_word' id='word_1_24' title='bbox 639 869 837 948; x_wconf 84' lang='lat' dir='ltr'>reprehendit,</span> <span class='ocrx_word' id='word_1_25' title='bbox 853 871 933 949; x_wconf 93' lang='lat' dir='ltr'>quod</span> <span class='ocrx_word' id='word_1_26' title='bbox 953 871 1078 928; x_wconf 88' lang='lat' dir='ltr'>nimium</span> <span class='ocrx_word' id='word_1_27' title='bbox 1097 870 1275 941; x_wconf 83' lang='lat' dir='ltr'>eliuudatur,</span> <span class='ocrx_word' id='word_1_28' title='bbox 1290 869 1337 926; x_wconf 90' lang='lat' dir='ltr'>cui</span> <span class='ocrx_word' id='word_1_29' title='bbox 1353 870 1411 926; x_wconf 92' lang='lat' dir='ltr'>uisi</span> 
     </span>
     <span class='ocr_line' id='line_1_6' title="bbox 337 966 1294 1045; baseline 0 -22"><span class='ocrx_word' id='word_1_30' title='bbox 337 967 369 1024; x_wconf 95' lang='lat' dir='ltr'>id</span> <span class='ocrx_word' id='word_1_31' title='bbox 384 967 450 1024; x_wconf 85' lang='lat' dir='ltr'>vitii</span> <span class='ocrx_word' id='word_1_32' title='bbox 465 973 549 1038; x_wconf 86' lang='lat' dir='ltr'>esset,</span> <span class='ocrx_word' id='word_1_33' title='bbox 565 966 630 1024; x_wconf 84' lang='lat' dir='ltr'>fore</span> <span class='ocrx_word' id='word_1_34' title='bbox 644 973 678 1024; x_wconf 90' lang='lat' dir='ltr'>ut</span> <span class='ocrx_word' id='word_1_35' title='bbox 691 967 840 1044; x_wconf 83' lang='lat' dir='ltr'>proximus</span> <span class='ocrx_word' id='word_1_36' title='bbox 853 967 1018 1026; x_wconf 87' lang='lat' dir='ltr'>Homerum</span> <span class='ocrx_word' id='word_1_37' title='bbox 1031 966 1173 1026; x_wconf 87' lang='lat' dir='ltr'>aemulari</span> <span class='ocrx_word' id='word_1_38' title='bbox 1186 974 1294 1045; x_wconf 89' lang='lat' dir='ltr'>posset</span> 
     </span>
    </p>

    <p class='ocr_par' dir='ltr' id='par_1_4' title="bbox 397 1062 1100 1142">
     <span class='ocr_line' id='line_1_7' title="bbox 397 1062 1100 1142; baseline 0.001 -23"><span class='ocrx_word' id='word_1_39' title='bbox 397 1062 586 1120; x_wconf 89' lang='lat' dir='ltr'>B.—N0nne</span> <span class='ocrx_word' id='word_1_40' title='bbox 600 1063 637 1121; x_wconf 89' lang='lat' dir='ltr'>dc</span> <span class='ocrx_word' id='word_1_41' title='bbox 652 1064 771 1142; x_wconf 82' lang='lat' dir='ltr'>antique</span> <span class='ocrx_word' id='word_1_42' title='bbox 784 1064 937 1122; x_wconf 86' lang='lat' dir='ltr'>comoedia</span> <span class='ocrx_word' id='word_1_43' title='bbox 949 1063 1100 1142; x_wconf 88' lang='lat' dir='ltr'>loqniturl</span> 
     </span>
    </p>

    <p class='ocr_par' dir='ltr' id='par_1_5' title="bbox 336 1159 1411 1530">
     <span class='ocr_line' id='line_1_8' title="bbox 397 1159 1411 1239; baseline 0 -23"><span class='ocrx_word' id='word_1_44' title='bbox 397 1159 527 1218; x_wconf 83' lang='lat' dir='ltr'>A.-Its</span> <span class='ocrx_word' id='word_1_45' title='bbox 540 1179 616 1219; x_wconf 85' lang='lat' dir='ltr'>vero.</span> <span class='ocrx_word' id='word_1_46' title='bbox 658 1159 742 1219; x_wconf 83' lang='lat' dir='ltr'>Dicit</span> <span class='ocrx_word' id='word_1_47' title='bbox 754 1181 785 1220; x_wconf 88' lang='lat' dir='ltr'>se</span> <span class='ocrx_word' id='word_1_48' title='bbox 799 1161 911 1220; x_wconf 90' lang='lat' dir='ltr'>nescire</span> <span class='ocrx_word' id='word_1_49' title='bbox 929 1181 967 1219; x_wconf 89' lang='lat' dir='ltr'>au</span> <span class='ocrx_word' id='word_1_50' title='bbox 988 1160 1077 1219; x_wconf 87' lang='lat' dir='ltr'>ullam</span> <span class='ocrx_word' id='word_1_51' title='bbox 1095 1161 1200 1238; x_wconf 87' lang='lat' dir='ltr'>poesin</span> <span class='ocrx_word' id='word_1_52' title='bbox 1218 1168 1287 1239; x_wconf 91' lang='lat' dir='ltr'>post</span> <span class='ocrx_word' id='word_1_53' title='bbox 1299 1159 1411 1216; x_wconf 80' lang='lat' dir='ltr'>Home</span> 
     </span>
     <span class='ocr_line' id='line_1_9' title="bbox 336 1256 1411 1318; baseline -0.002 -3"><span class='ocrx_word' id='word_1_54' title='bbox 336 1277 400 1315; x_wconf 90' lang='lat' dir='ltr'>rum</span> <span class='ocrx_word' id='word_1_55' title='bbox 423 1266 474 1315; x_wconf 85' lang='lat' dir='ltr'>aut</span> <span class='ocrx_word' id='word_1_56' title='bbox 497 1258 667 1316; x_wconf 86' lang='lat' dir='ltr'>similiorem</span> <span class='ocrx_word' id='word_1_57' title='bbox 692 1277 755 1318; x_wconf 90' lang='lat' dir='ltr'>esse</span> <span class='ocrx_word' id='word_1_58' title='bbox 780 1258 944 1317; x_wconf 88' lang='lat' dir='ltr'>oratoribus</span> <span class='ocrx_word' id='word_1_59' title='bbox 964 1265 1016 1316; x_wconf 90' lang='lat' dir='ltr'>aut</span> <span class='ocrx_word' id='word_1_60' title='bbox 1046 1257 1083 1314; x_wconf 91' lang='lat' dir='ltr'>ad</span> <span class='ocrx_word' id='word_1_61' title='bbox 1105 1264 1237 1315; x_wconf 88' lang='lat' dir='ltr'>oratores</span> <span class='ocrx_word' id='word_1_62' title='bbox 1259 1256 1411 1314; x_wconf 78' lang='lat' dir='ltr'>faciendos</span> 
     </span>
     <span class='ocr_line' id='line_1_10' title="bbox 336 1355 491 1432; baseline 0.006 -21"><span class='ocrx_word' id='word_1_63' title='bbox 336 1355 491 1432; x_wconf 90' lang='lat' dir='ltr'>aptiorem.</span> 
     </span>
     <span class='ocr_line' id='line_1_11' title="bbox 342 1450 762 1530; baseline 0.005 -22"><span class='ocrx_word' id='word_1_64' title='bbox 342 1483 351 1500; x_wconf 88' lang='lat'><strong>·</strong></span> <span class='ocrx_word' id='word_1_65' title='bbox 397 1450 558 1520; x_wconf 84' lang='lat' dir='ltr'>B.-Quid</span> <span class='ocrx_word' id='word_1_66' title='bbox 573 1452 610 1510; x_wconf 89' lang='lat' dir='ltr'>de</span> <span class='ocrx_word' id='word_1_67' title='bbox 624 1453 762 1530; x_wconf 88' lang='lat' dir='ltr'>tragicisl</span> 
     </span>
    </p>

    <p class='ocr_par' dir='ltr' id='par_1_6' title="bbox 336 1547 1411 1898">
     <span class='ocr_line' id='line_1_12' title="bbox 397 1547 1409 1628; baseline -0.002 -22"><span class='ocrx_word' id='word_1_68' title='bbox 397 1547 645 1626; x_wconf 80' lang='lat' dir='ltr'>A.-Sophocleu</span> <span class='ocrx_word' id='word_1_69' title='bbox 658 1557 689 1607; x_wconf 93' lang='lat' dir='ltr'>et</span> <span class='ocrx_word' id='word_1_70' title='bbox 702 1548 863 1627; x_wconf 88' lang='lat' dir='ltr'>Euripiden</span> <span class='ocrx_word' id='word_1_71' title='bbox 874 1549 1023 1627; x_wconf 81' lang='lat' dir='ltr'>Aeschylo</span> <span class='ocrx_word' id='word_1_72' title='bbox 1037 1549 1201 1628; x_wconf 81' lang='lat' dir='ltr'>auteponit</span> <span class='ocrx_word' id='word_1_73' title='bbox 1236 1547 1409 1626; x_wconf 84' lang='lat' dir='ltr'>Euripiden,</span> 
     </span>
     <span class='ocr_line' id='line_1_13' title="bbox 336 1643 1411 1724; baseline -0.001 -22"><span class='ocrx_word' id='word_1_74' title='bbox 336 1645 417 1723; x_wconf 89' lang='lat' dir='ltr'>quod</span> <span class='ocrx_word' id='word_1_75' title='bbox 435 1664 569 1703; x_wconf 87' lang='lat' dir='ltr'>sermone</span> <span class='ocrx_word' id='word_1_76' title='bbox 591 1645 685 1723; x_wconf 84' lang='lat' dir='ltr'>magis</span> <span class='ocrx_word' id='word_1_77' title='bbox 705 1647 833 1704; x_wconf 85' lang='lat' dir='ltr'>orstorio</span> <span class='ocrx_word' id='word_1_78' title='bbox 853 1646 956 1724; x_wconf 81' lang='lat' dir='ltr'>generi</span> <span class='ocrx_word' id='word_1_79' title='bbox 976 1645 1106 1718; x_wconf 88' lang='lat' dir='ltr'>accedat,</span> <span class='ocrx_word' id='word_1_80' title='bbox 1121 1653 1211 1724; x_wconf 86' lang='lat' dir='ltr'>atque</span> <span class='ocrx_word' id='word_1_81' title='bbox 1231 1643 1359 1702; x_wconf 88' lang='lat' dir='ltr'>dicendo</span> <span class='ocrx_word' id='word_1_82' title='bbox 1379 1650 1411 1701; x_wconf 93' lang='lat' dir='ltr'>et</span> 
     </span>
     <span class='ocr_line' id='line_1_14' title="bbox 337 1740 1410 1822; baseline 0 -24"><span class='ocrx_word' id='word_1_83' title='bbox 337 1742 544 1819; x_wconf 87' lang='lat' dir='ltr'>respondendo</span> <span class='ocrx_word' id='word_1_84' title='bbox 559 1740 617 1799; x_wconf 90' lang='lat' dir='ltr'>illis</span> <span class='ocrx_word' id='word_1_85' title='bbox 631 1743 792 1821; x_wconf 88' lang='lat' dir='ltr'>comparari</span> <span class='ocrx_word' id='word_1_86' title='bbox 811 1743 914 1822; x_wconf 79' lang='lat' dir='ltr'>possit,</span> <span class='ocrx_word' id='word_1_87' title='bbox 931 1742 983 1821; x_wconf 92' lang='lat' dir='ltr'>qui</span> <span class='ocrx_word' id='word_1_88' title='bbox 1002 1742 1034 1800; x_wconf 91' lang='lat' dir='ltr'>iu</span> <span class='ocrx_word' id='word_1_89' title='bbox 1054 1741 1120 1800; x_wconf 81' lang='lat' dir='ltr'>foro</span> <span class='ocrx_word' id='word_1_90' title='bbox 1134 1741 1238 1800; x_wconf 87' lang='lat' dir='ltr'>diserti</span> <span class='ocrx_word' id='word_1_91' title='bbox 1251 1740 1320 1813; x_wconf 92' lang='lat' dir='ltr'>siut,</span> <span class='ocrx_word' id='word_1_92' title='bbox 1334 1741 1410 1799; x_wconf 89' lang='lat' dir='ltr'>dicit</span> 
     </span>
     <span class='ocr_line' id='line_1_15' title="bbox 336 1839 674 1898; baseline 0.006 -3"><span class='ocrx_word' id='word_1_93' title='bbox 336 1839 483 1897; x_wconf 90' lang='lat' dir='ltr'>utiliorem</span> <span class='ocrx_word' id='word_1_94' title='bbox 501 1839 674 1898; x_wconf 86' lang='lat' dir='ltr'>oratoribus.</span> 
     </span>
    </p>

    <p class='ocr_par' dir='ltr' id='par_1_7' title="bbox 397 1935 1185 2015">
     <span class='ocr_line' id='line_1_16' title="bbox 397 1935 1185 2015; baseline 0.003 -23"><span class='ocrx_word' id='word_1_95' title='bbox 397 1935 585 1995; x_wconf 88' lang='lat' dir='ltr'>B.-Nouae</span> <span class='ocrx_word' id='word_1_96' title='bbox 600 1938 721 1996; x_wconf 86' lang='lat' dir='ltr'>orstoris</span> <span class='ocrx_word' id='word_1_97' title='bbox 735 1937 823 1996; x_wconf 86' lang='lat' dir='ltr'>refert</span> <span class='ocrx_word' id='word_1_98' title='bbox 837 1955 1013 2015; x_wconf 71' lang='lat' dir='ltr'>cognoscere</span> <span class='ocrx_word' id='word_1_99' title='bbox 1025 1935 1185 1994; x_wconf 77' lang='lat' dir='ltr'>historiast</span> 
     </span>
    </p>

    <p class='ocr_par' dir='ltr' id='par_1_8' title="bbox 336 2031 1409 2305">
     <span class='ocr_line' id='line_1_17' title="bbox 396 2031 1409 2112; baseline -0.001 -22"><span class='ocrx_word' id='word_1_100' title='bbox 396 2031 527 2092; x_wconf 82' lang='lat' dir='ltr'>A.—Ite</span> <span class='ocrx_word' id='word_1_101' title='bbox 550 2053 637 2106; x_wconf 73' lang='lat' dir='ltr'>saue,</span> <span class='ocrx_word' id='word_1_102' title='bbox 668 2033 868 2104; x_wconf 71' lang='lat' dir='ltr'>Quintilianus</span> <span class='ocrx_word' id='word_1_103' title='bbox 888 2040 986 2092; x_wconf 81' lang='lat' dir='ltr'>sutem</span> <span class='ocrx_word' id='word_1_104' title='bbox 1007 2040 1094 2112; x_wconf 92' lang='lat' dir='ltr'>putat</span> <span class='ocrx_word' id='word_1_105' title='bbox 1121 2032 1278 2112; x_wconf 86' lang='lat' dir='ltr'>plerasque</span> <span class='ocrx_word' id='word_1_106' title='bbox 1301 2032 1409 2090; x_wconf 93' lang='lat' dir='ltr'>horum</span> 
     </span>
     <span class='ocr_line' id='line_1_18' title="bbox 336 2129 1409 2209; baseline 0.001 -22"><span class='ocrx_word' id='word_1_107' title='bbox 336 2131 461 2188; x_wconf 88' lang='lat' dir='ltr'>virtutes</span> <span class='ocrx_word' id='word_1_108' title='bbox 476 2133 584 2189; x_wconf 80' lang='lat' dir='ltr'>oratori</span> <span class='ocrx_word' id='word_1_109' title='bbox 605 2151 668 2190; x_wconf 89' lang='lat' dir='ltr'>esse</span> <span class='ocrx_word' id='word_1_110' title='bbox 682 2132 824 2190; x_wconf 79' lang='lat' dir='ltr'>vitandas</span> <span class='ocrx_word' id='word_1_111' title='bbox 866 2130 956 2189; x_wconf 86' lang='lat' dir='ltr'>Hunc</span> <span class='ocrx_word' id='word_1_112' title='bbox 977 2150 1073 2209; x_wconf 89' lang='lat' dir='ltr'>neque</span> <span class='ocrx_word' id='word_1_113' title='bbox 1093 2129 1302 2190; x_wconf 88' lang='lat' dir='ltr'>Sallustianam</span> <span class='ocrx_word' id='word_1_114' title='bbox 1315 2129 1409 2188; x_wconf 86' lang='lat' dir='ltr'>brevi·</span> 
     </span>
     <span class='ocr_line' id='line_1_19' title="bbox 336 2227 1082 2305; baseline 0.003 -21"><span class='ocrx_word' id='word_1_115' title='bbox 336 2234 438 2300; x_wconf 83' lang='lat' dir='ltr'>tatem,</span> <span class='ocrx_word' id='word_1_116' title='bbox 454 2247 549 2305; x_wconf 90' lang='lat' dir='ltr'>neque</span> <span class='ocrx_word' id='word_1_117' title='bbox 564 2228 639 2286; x_wconf 86' lang='lat' dir='ltr'>Livii</span> <span class='ocrx_word' id='word_1_118' title='bbox 654 2229 776 2288; x_wconf 86' lang='lat' dir='ltr'>lacteam</span> <span class='ocrx_word' id='word_1_119' title='bbox 790 2228 955 2287; x_wconf 83' lang='lat' dir='ltr'>ubertatem</span> <span class='ocrx_word' id='word_1_120' title='bbox 968 2227 1082 2286; x_wconf 83' lang='lat' dir='ltr'>decere</span> 
     </span>
    </p>

    <p class='ocr_par' dir='ltr' id='par_1_9' title="bbox 397 2323 1127 2404">
     <span class='ocr_line' id='line_1_20' title="bbox 397 2323 1127 2404; baseline 0.003 -24"><span class='ocrx_word' id='word_1_121' title='bbox 397 2323 525 2383; x_wconf 88' lang='lat' dir='ltr'>B.-—De</span> <span class='ocrx_word' id='word_1_122' title='bbox 540 2325 646 2402; x_wconf 90' lang='lat' dir='ltr'>quibus</span> <span class='ocrx_word' id='word_1_123' title='bbox 659 2323 850 2404; x_wconf 86' lang='lat' dir='ltr'>scriptoribus</span> <span class='ocrx_word' id='word_1_124' title='bbox 862 2343 961 2384; x_wconf 88' lang='lat' dir='ltr'>rerum</span> <span class='ocrx_word' id='word_1_125' title='bbox 974 2324 1127 2402; x_wconf 89' lang='lat' dir='ltr'>loquiturl</span> 
     </span>
    </p>

    <p class='ocr_par' dir='ltr' id='par_1_10' title="bbox 336 2419 1410 2693">
     <span class='ocr_line' id='line_1_21' title="bbox 397 2419 1409 2499; baseline -0.001 -20"><span class='ocrx_word' id='word_1_126' title='bbox 397 2420 675 2499; x_wconf 82' lang='lat' dir='ltr'>A.-Thucydiden</span> <span class='ocrx_word' id='word_1_127' title='bbox 694 2422 816 2480; x_wconf 89' lang='lat' dir='ltr'>densum</span> <span class='ocrx_word' id='word_1_128' title='bbox 831 2428 862 2480; x_wconf 89' lang='lat' dir='ltr'>et</span> <span class='ocrx_word' id='word_1_129' title='bbox 874 2420 993 2480; x_wconf 83' lang='lat' dir='ltr'>brevem</span> <span class='ocrx_word' id='word_1_130' title='bbox 1006 2428 1037 2480; x_wconf 92' lang='lat' dir='ltr'>et</span> <span class='ocrx_word' id='word_1_131' title='bbox 1049 2440 1166 2499; x_wconf 85' lang='lat' dir='ltr'>semper</span> <span class='ocrx_word' id='word_1_132' title='bbox 1179 2419 1237 2479; x_wconf 92' lang='lat' dir='ltr'>sibi</span> <span class='ocrx_word' id='word_1_133' title='bbox 1249 2421 1409 2479; x_wconf 80' lang='lat' dir='ltr'>instantem</span> 
     </span>
     <span class='ocr_line' id='line_1_22' title="bbox 336 2517 1410 2595; baseline 0 -20"><span class='ocrx_word' id='word_1_134' title='bbox 336 2517 474 2595; x_wconf 86' lang='lat' dir='ltr'>appellat,</span> <span class='ocrx_word' id='word_1_135' title='bbox 490 2517 676 2576; x_wconf 89' lang='lat' dir='ltr'>Herodotum</span> <span class='ocrx_word' id='word_1_136' title='bbox 694 2517 809 2576; x_wconf 90' lang='lat' dir='ltr'>dulcem</span> <span class='ocrx_word' id='word_1_137' title='bbox 824 2524 855 2577; x_wconf 91' lang='lat' dir='ltr'>et</span> <span class='ocrx_word' id='word_1_138' title='bbox 868 2518 1028 2577; x_wconf 89' lang='lat' dir='ltr'>candidum</span> <span class='ocrx_word' id='word_1_139' title='bbox 1043 2525 1074 2577; x_wconf 93' lang='lat' dir='ltr'>et</span> <span class='ocrx_word' id='word_1_140' title='bbox 1087 2518 1197 2590; x_wconf 85' lang='lat' dir='ltr'>fusum,</span> <span class='ocrx_word' id='word_1_141' title='bbox 1207 2517 1410 2595; x_wconf 80' lang='lat' dir='ltr'>Xenophonte</span> 
     </span>
     <span class='ocr_line' id='line_1_23' title="bbox 336 2614 732 2693; baseline 0.003 -21"><span class='ocrx_word' id='word_1_142' title='bbox 336 2615 415 2672; x_wconf 89' lang='lat' dir='ltr'>inter</span> <span class='ocrx_word' id='word_1_143' title='bbox 428 2615 621 2693; x_wconf 87' lang='lat' dir='ltr'>philosophos</span> <span class='ocrx_word' id='word_1_144' title='bbox 632 2614 732 2690; x_wconf 38' lang='lat' dir='ltr'>,habet</span> 
     </span>
    </p>

    <p class='ocr_par' dir='ltr' id='par_1_11' title="bbox 397 2710 837 2779">
     <span class='ocr_line' id='line_1_24' title="bbox 397 2710 837 2779; baseline 0.005 -12"><span class='ocrx_word' id='word_1_145' title='bbox 397 2710 560 2779; x_wconf 86' lang='lat' dir='ltr'>B.—Quos</span> <span class='ocrx_word' id='word_1_146' title='bbox 575 2719 704 2770; x_wconf 89' lang='lat' dir='ltr'>oratores</span> <span class='ocrx_word' id='word_1_147' title='bbox 717 2711 837 2770; x_wconf 77' lang='lat' dir='ltr'>laudati</span> 
     </span>
    </p>

    <p class='ocr_par' dir='ltr' id='par_1_12' title="bbox 335 2807 1410 3275">
     <span class='ocr_line' id='line_1_25' title="bbox 396 2807 1410 2888; baseline 0 -22"><span class='ocrx_word' id='word_1_148' title='bbox 396 2807 700 2868; x_wconf 83' lang='lat' dir='ltr'>A.-Demosthcneu</span> <span class='ocrx_word' id='word_1_149' title='bbox 714 2810 877 2888; x_wconf 77' lang='lat' dir='ltr'>praecipue,</span> <span class='ocrx_word' id='word_1_150' title='bbox 893 2827 981 2886; x_wconf 88' lang='lat' dir='ltr'>quem</span> <span class='ocrx_word' id='word_1_151' title='bbox 989 2827 1080 2884; x_wconf 68' lang='lat' dir='ltr'>pueris</span> <span class='ocrx_word' id='word_1_152' title='bbox 1088 2809 1178 2882; x_wconf 67' lang='lat' dir='ltr'>hysen</span> <span class='ocrx_word' id='word_1_153' title='bbox 1190 2809 1299 2868; x_wconf 70' lang='lat' dir='ltr'>mnus·</span> <span class='ocrx_word' id='word_1_154' title='bbox 1311 2808 1410 2887; x_wconf 87' lang='lat' dir='ltr'>appel-</span> 
     </span>
     <span class='ocr_line' id='line_1_26' title="bbox 336 2903 1409 2984; baseline 0 -23"><span class='ocrx_word' id='word_1_155' title='bbox 336 2903 394 2976; x_wconf 71' lang='lat' dir='ltr'>let,</span> <span class='ocrx_word' id='word_1_156' title='bbox 417 2905 448 2961; x_wconf 92' lang='lat' dir='ltr'>in</span> <span class='ocrx_word' id='word_1_157' title='bbox 463 2925 498 2962; x_wconf 90' lang='lat' dir='ltr'>eo</span> <span class='ocrx_word' id='word_1_158' title='bbox 514 2924 567 2962; x_wconf 91' lang='lat' dir='ltr'>uec</span> <span class='ocrx_word' id='word_1_159' title='bbox 581 2905 660 2982; x_wconf 92' lang='lat' dir='ltr'>quod</span> <span class='ocrx_word' id='word_1_160' title='bbox 676 2903 752 2964; x_wconf 87' lang='lat' dir='ltr'>desit</span> <span class='ocrx_word' id='word_1_161' title='bbox 764 2924 818 2964; x_wconf 89' lang='lat' dir='ltr'>uec</span> <span class='ocrx_word' id='word_1_162' title='bbox 832 2905 914 2984; x_wconf 89' lang='lat' dir='ltr'>quod</span> <span class='ocrx_word' id='word_1_163' title='bbox 926 2904 1073 2963; x_wconf 85' lang='lat' dir='ltr'>redundet</span> <span class='ocrx_word' id='word_1_164' title='bbox 1085 2904 1208 2965; x_wconf 77' lang='lat' dir='ltr'>invenit</span> <span class='ocrx_word' id='word_1_165' title='bbox 1241 2904 1409 2962; x_wconf 88' lang='lat' dir='ltr'>Aeschinen</span> 
     </span>
     <span class='ocr_line' id='line_1_27' title="bbox 336 2999 1409 3080; baseline 0.001 -22"><span class='ocrx_word' id='word_1_166' title='bbox 336 3001 402 3080; x_wconf 90' lang='lat' dir='ltr'>plus</span> <span class='ocrx_word' id='word_1_167' title='bbox 416 3003 519 3074; x_wconf 88' lang='lat' dir='ltr'>carnis,</span> <span class='ocrx_word' id='word_1_168' title='bbox 535 3003 631 3060; x_wconf 83' lang='lat' dir='ltr'>miuus</span> <span class='ocrx_word' id='word_1_169' title='bbox 644 3001 817 3060; x_wconf 84' lang='lat' dir='ltr'>lacertorum</span> <span class='ocrx_word' id='word_1_170' title='bbox 836 3002 943 3060; x_wconf 88' lang='lat' dir='ltr'>habere</span> <span class='ocrx_word' id='word_1_171' title='bbox 957 3001 1048 3075; x_wconf 83' lang='lat' dir='ltr'>dicit3</span> <span class='ocrx_word' id='word_1_172' title='bbox 1070 2999 1179 3080; x_wconf 85' lang='lat' dir='ltr'>Lysian</span> <span class='ocrx_word' id='word_1_173' title='bbox 1194 3001 1330 3060; x_wconf 89' lang='lat' dir='ltr'>subtilem</span> <span class='ocrx_word' id='word_1_174' title='bbox 1346 3021 1409 3059; x_wconf 89' lang='lat' dir='ltr'>esse</span> 
     </span>
     <span class='ocr_line' id='line_1_28' title="bbox 335 3097 1409 3177; baseline 0 -21"><span class='ocrx_word' id='word_1_175' title='bbox 335 3105 367 3156; x_wconf 91' lang='lat' dir='ltr'>et</span> <span class='ocrx_word' id='word_1_176' title='bbox 387 3098 559 3176; x_wconf 83' lang='lat' dir='ltr'>elegantem,</span> <span class='ocrx_word' id='word_1_177' title='bbox 580 3098 728 3156; x_wconf 73' lang='lat' dir='ltr'>Isocraten</span> <span class='ocrx_word' id='word_1_178' title='bbox 752 3099 783 3156; x_wconf 90' lang='lat' dir='ltr'>in</span> <span class='ocrx_word' id='word_1_179' title='bbox 805 3099 973 3157; x_wconf 82' lang='lat' dir='ltr'>inventione</span> <span class='ocrx_word' id='word_1_180' title='bbox 994 3097 1123 3171; x_wconf 83' lang='lat' dir='ltr'>facilem,</span> <span class='ocrx_word' id='word_1_181' title='bbox 1142 3099 1175 3156; x_wconf 88' lang='lat' dir='ltr'>iu</span> <span class='ocrx_word' id='word_1_182' title='bbox 1196 3098 1409 3177; x_wconf 88' lang='lat' dir='ltr'>compositione</span> 
     </span>
     <span class='ocr_line' id='line_1_29' title="bbox 337 3195 1067 3275; baseline 0.003 -23"><span class='ocrx_word' id='word_1_183' title='bbox 337 3195 411 3254; x_wconf 89' lang='lat' dir='ltr'>adeo</span> <span class='ocrx_word' id='word_1_184' title='bbox 426 3195 609 3273; x_wconf 88' lang='lat' dir='ltr'>diligentem,</span> <span class='ocrx_word' id='word_1_185' title='bbox 623 3203 657 3254; x_wconf 92' lang='lat' dir='ltr'>ut</span> <span class='ocrx_word' id='word_1_186' title='bbox 670 3215 739 3254; x_wconf 87' lang='lat' dir='ltr'>cura</span> <span class='ocrx_word' id='word_1_187' title='bbox 752 3196 816 3274; x_wconf 86' lang='lat' dir='ltr'>ejus</span> <span class='ocrx_word' id='word_1_188' title='bbox 829 3195 1067 3275; x_wconf 88' lang='lat' dir='ltr'>reprehendatur.</span> 
     </span>
    </p>

    <p class='ocr_par' dir='ltr' id='par_1_13' title="bbox 336 3291 1409 3468">
     <span class='ocr_line' id='line_1_30' title="bbox 397 3291 1409 3373; baseline 0.002 -25"><span class='ocrx_word' id='word_1_189' title='bbox 397 3291 585 3351; x_wconf 87' lang='lat' dir='ltr'>B.-Nouue</span> <span class='ocrx_word' id='word_1_190' title='bbox 613 3301 759 3352; x_wconf 88' lang='lat' dir='ltr'>oratorem</span> <span class='ocrx_word' id='word_1_191' title='bbox 786 3300 941 3372; x_wconf 87' lang='lat' dir='ltr'>praecepta</span> <span class='ocrx_word' id='word_1_192' title='bbox 964 3292 1209 3373; x_wconf 87' lang='lat' dir='ltr'>philosophorum</span> <span class='ocrx_word' id='word_1_193' title='bbox 1230 3311 1409 3371; x_wconf 88' lang='lat' dir='ltr'>cognoscere</span> 
     </span>
     <span class='ocr_line' id='line_1_31' title="bbox 336 3391 475 3468; baseline 0 -21"><span class='ocrx_word' id='word_1_194' title='bbox 336 3391 475 3468; x_wconf 82' lang='lat' dir='ltr'>oportetl</span> 
     </span>
    </p>

    <p class='ocr_par' dir='ltr' id='par_1_14' title="bbox 336 3485 1410 3950">
     <span class='ocr_line' id='line_1_32' title="bbox 398 3485 1409 3559; baseline 0 -16"><span class='ocrx_word' id='word_1_195' title='bbox 398 3485 590 3558; x_wconf 83' lang='lat' dir='ltr'>A.-Oicero,</span> <span class='ocrx_word' id='word_1_196' title='bbox 610 3485 779 3559; x_wconf 88' lang='lat' dir='ltr'>meministi,</span> <span class='ocrx_word' id='word_1_197' title='bbox 795 3487 869 3546; x_wconf 92' lang='lat' dir='ltr'>dicit</span> <span class='ocrx_word' id='word_1_198' title='bbox 891 3505 922 3546; x_wconf 87' lang='lat' dir='ltr'>se</span> <span class='ocrx_word' id='word_1_199' title='bbox 946 3494 1092 3545; x_wconf 88' lang='lat' dir='ltr'>oratorem</span> <span class='ocrx_word' id='word_1_200' title='bbox 1113 3505 1175 3544; x_wconf 90' lang='lat' dir='ltr'>non</span> <span class='ocrx_word' id='word_1_201' title='bbox 1199 3505 1236 3544; x_wconf 84' lang='lat' dir='ltr'>ex</span> <span class='ocrx_word' id='word_1_202' title='bbox 1257 3485 1409 3543; x_wconf 88' lang='lat' dir='ltr'>rhetorum</span> 
     </span>
     <span class='ocr_line' id='line_1_33' title="bbox 336 3571 1408 3662; baseline -0.002 -22"><span class='ocrx_word' id='word_1_203' title='bbox 336 3580 462 3640; x_wconf 88' lang='lat' dir='ltr'>officinis</span> <span class='ocrx_word' id='word_1_204' title='bbox 487 3583 538 3640; x_wconf 90' lang='lat' dir='ltr'>sed</span> <span class='ocrx_word' id='word_1_205' title='bbox 563 3601 599 3641; x_wconf 84' lang='lat' dir='ltr'>ex</span> <span class='ocrx_word' id='word_1_206' title='bbox 623 3571 801 3641; x_wconf 63' lang='lat' dir='ltr'>eodemne</span> <span class='ocrx_word' id='word_1_207' title='bbox 825 3583 928 3661; x_wconf 90' lang='lat' dir='ltr'>spatiis</span> <span class='ocrx_word' id='word_1_208' title='bbox 952 3583 1108 3642; x_wconf 81' lang='lat' dir='ltr'>exstitisse</span> <span class='ocrx_word' id='word_1_209' title='bbox 1151 3581 1246 3662; x_wconf 87' lang='lat' dir='ltr'>[Orat</span> <span class='ocrx_word' id='word_1_210' title='bbox 1268 3581 1323 3640; x_wconf 84' lang='lat' dir='ltr'>Ill.</span> <span class='ocrx_word' id='word_1_211' title='bbox 1347 3580 1408 3661; x_wconf 62' lang='lat'>12]</span> 
     </span>
     <span class='ocr_line' id='line_1_34' title="bbox 337 3677 1409 3757; baseline 0.001 -22"><span class='ocrx_word' id='word_1_212' title='bbox 337 3677 537 3746; x_wconf 79' lang='lat' dir='ltr'>Quintilianus</span> <span class='ocrx_word' id='word_1_213' title='bbox 562 3680 649 3737; x_wconf 87' lang='lat' dir='ltr'>etiam</span> <span class='ocrx_word' id='word_1_214' title='bbox 673 3679 712 3736; x_wconf 85' lang='lat' dir='ltr'>de</span> <span class='ocrx_word' id='word_1_215' title='bbox 735 3677 836 3736; x_wconf 87' lang='lat' dir='ltr'>divina</span> <span class='ocrx_word' id='word_1_216' title='bbox 859 3679 985 3757; x_wconf 85' lang='lat' dir='ltr'>quadem</span> <span class='ocrx_word' id='word_1_217' title='bbox 1007 3685 1039 3738; x_wconf 90' lang='lat' dir='ltr'>et</span> <span class='ocrx_word' id='word_1_218' title='bbox 1058 3679 1221 3738; x_wconf 88' lang='lat' dir='ltr'>Homerica</span> <span class='ocrx_word' id='word_1_219' title='bbox 1251 3677 1409 3756; x_wconf 91' lang='lat' dir='ltr'>eloquendi</span> 
     </span>
     <span class='ocr_line' id='line_1_35' title="bbox 337 3774 1410 3855; baseline -0.002 -21"><span class='ocrx_word' id='word_1_220' title='bbox 337 3776 474 3834; x_wconf 82' lang='lat' dir='ltr'>facultate</span> <span class='ocrx_word' id='word_1_221' title='bbox 489 3777 622 3834; x_wconf 85' lang='lat' dir='ltr'>Platonis</span> <span class='ocrx_word' id='word_1_222' title='bbox 632 3776 773 3853; x_wconf 89' lang='lat' dir='ltr'>loquitur.</span> <span class='ocrx_word' id='word_1_223' title='bbox 815 3774 931 3834; x_wconf 87' lang='lat' dir='ltr'>Stoicos</span> <span class='ocrx_word' id='word_1_224' title='bbox 944 3775 1058 3855; x_wconf 89' lang='lat' dir='ltr'>probat,</span> <span class='ocrx_word' id='word_1_225' title='bbox 1076 3775 1157 3854; x_wconf 93' lang='lat' dir='ltr'>quod</span> <span class='ocrx_word' id='word_1_226' title='bbox 1177 3775 1302 3833; x_wconf 85' lang='lat' dir='ltr'>honesta</span> <span class='ocrx_word' id='word_1_227' title='bbox 1315 3793 1410 3832; x_wconf 86' lang='lat' dir='ltr'>suase·</span> 
     </span>
     <span class='ocr_line' id='line_1_36' title="bbox 336 3872 1101 3950; baseline 0.001 -20"><span class='ocrx_word' id='word_1_228' title='bbox 336 3873 405 3945; x_wconf 90' lang='lat' dir='ltr'>rint,</span> <span class='ocrx_word' id='word_1_229' title='bbox 422 3891 587 3950; x_wconf 87' lang='lat' dir='ltr'>quenquam</span> <span class='ocrx_word' id='word_1_230' title='bbox 599 3873 696 3930; x_wconf 88' lang='lat' dir='ltr'>minus</span> <span class='ocrx_word' id='word_1_231' title='bbox 710 3872 894 3950; x_wconf 77' lang='lat' dir='ltr'>eloquentiae</span> <span class='ocrx_word' id='word_1_232' title='bbox 906 3873 1101 3932; x_wconf 90' lang='lat' dir='ltr'>indulserunt.</span> 
     </span>
    </p>

    <p class='ocr_par' dir='ltr' id='par_1_15' title="bbox 336 3968 1410 4122">
     <span class='ocr_line' id='line_1_37' title="bbox 398 3968 1410 4049; baseline 0 -23"><span class='ocrx_word' id='word_1_233' title='bbox 398 3969 586 4028; x_wconf 89' lang='lat' dir='ltr'>B.-Nonne</span> <span class='ocrx_word' id='word_1_234' title='bbox 610 3969 765 4048; x_wconf 82' lang='lat' dir='ltr'>scriptores</span> <span class='ocrx_word' id='word_1_235' title='bbox 789 3969 938 4028; x_wconf 58' lang='lat' dir='ltr'>&amp;manos</span> <span class='ocrx_word' id='word_1_236' title='bbox 960 3969 1077 4049; x_wconf 87' lang='lat' dir='ltr'>dignos,</span> <span class='ocrx_word' id='word_1_237' title='bbox 1093 3969 1146 4048; x_wconf 89' lang='lat' dir='ltr'>qui</span> <span class='ocrx_word' id='word_1_238' title='bbox 1166 3968 1309 4047; x_wconf 87' lang='lat' dir='ltr'>legantur,</span> <span class='ocrx_word' id='word_1_239' title='bbox 1324 3969 1410 4026; x_wconf 89' lang='lat' dir='ltr'>aesti-</span> 
     </span>
     <span class='ocr_line' id='line_1_38' title="bbox 336 4067 418 4122; baseline 0.012 -1"><span class='ocrx_word' id='word_1_240' title='bbox 336 4067 418 4122; x_wconf 91' lang='lat' dir='ltr'>matl</span> 
     </span>
    </p>

    <p class='ocr_par' dir='ltr' id='par_1_16' title="bbox 335 4158 1411 4339">
     <span class='ocr_line' id='line_1_39' title="bbox 398 4158 1411 4241; baseline 0.002 -23"><span class='ocrx_word' id='word_1_241' title='bbox 398 4160 526 4220; x_wconf 79' lang='lat' dir='ltr'>A.-Ita</span> <span class='ocrx_word' id='word_1_242' title='bbox 536 4179 621 4232; x_wconf 81' lang='lat' dir='ltr'>sane;</span> <span class='ocrx_word' id='word_1_243' title='bbox 642 4181 694 4240; x_wconf 87' lang='lat' dir='ltr'>per</span> <span class='ocrx_word' id='word_1_244' title='bbox 708 4181 758 4220; x_wconf 90' lang='lat' dir='ltr'>eos</span> <span class='ocrx_word' id='word_1_245' title='bbox 771 4163 895 4221; x_wconf 86' lang='lat' dir='ltr'>eandem</span> <span class='ocrx_word' id='word_1_246' title='bbox 909 4163 1043 4221; x_wconf 90' lang='lat' dir='ltr'>ordinem</span> <span class='ocrx_word' id='word_1_247' title='bbox 1058 4162 1199 4241; x_wconf 87' lang='lat' dir='ltr'>sequitur.</span> <span class='ocrx_word' id='word_1_248' title='bbox 1241 4161 1289 4220; x_wconf 87' lang='lat' dir='ltr'>De</span> <span class='ocrx_word' id='word_1_249' title='bbox 1302 4158 1411 4239; x_wconf 84' lang='lat' dir='ltr'>Vergi-</span> 
     </span>
     <span class='ocr_line' id='line_1_40' title="bbox 335 4255 1407 4339; baseline 0.002 -25"><span class='ocrx_word' id='word_1_250' title='bbox 335 4256 378 4315; x_wconf 89' lang='lat' dir='ltr'>lio</span> <span class='ocrx_word' id='word_1_251' title='bbox 392 4257 481 4316; x_wconf 90' lang='lat' dir='ltr'>verba</span> <span class='ocrx_word' id='word_1_252' title='bbox 491 4258 559 4316; x_wconf 83' lang='lat' dir='ltr'>Afri</span> <span class='ocrx_word' id='word_1_253' title='bbox 574 4255 690 4335; x_wconf 85' lang='lat' dir='ltr'>Domiti</span> <span class='ocrx_word' id='word_1_254' title='bbox 703 4260 853 4338; x_wconf 70' lang='lat' dir='ltr'>citatque</span> <span class='ocrx_word' id='word_1_255' title='bbox 867 4267 1056 4339; x_wconf 82' lang='lat' dir='ltr'>praeceptore</span> <span class='ocrx_word' id='word_1_256' title='bbox 1069 4257 1242 4318; x_wconf 86' lang='lat' dir='ltr'>adolescens</span> <span class='ocrx_word' id='word_1_257' title='bbox 1255 4258 1407 4331; x_wconf 82' lang='lat' dir='ltr'>utebatur3</span> 
     </span>
    </p>
   </div>
   <div class='ocr_carea' id='block_1_3' title="bbox 0 0 1672 5109">
    <p class='ocr_par' dir='ltr' id='par_1_17' title="bbox 0 0 1672 5109">
     <span class='ocr_line' id='line_1_41' title="bbox 0 0 1672 5109; baseline 0 0"><span class='ocrx_word' id='word_1_258' title='bbox 0 0 1672 5109; x_wconf 95' lang='lat' dir='ltr'> </span> 
     </span>
    </p>
   </div>
  </div>
 </body>
</html>
