3334 5109
811 411 998 463 LATlNE.

698 579 794 640 Terrae,
806 578 874 639 eseli,
886 583 975 625 cuncta
984 577 1031 626 deli

731 661 803 709 Prius
815 661 979 709 destinantur.

698 794 713 818 “
721 793 782 842 lium
794 794 816 841 si
827 807 935 857 surgam,
946 807 1044 855 sequar,
1057 808 1166 856 pergam,

730 874 809 924 Hicue
821 877 938 924 baturus
946 877 957 923 t
966 876 980 900 ’¹

697 955 762 1013 Quot
773 963 799 1005 et
810 958 898 1019 quanti
910 958 995 1006 dicunt
1006 958 1094 1019 sancti,

729 1038 790 1088 “sis
802 1040 832 1088 de
844 1040 1040 1088 hocsecurus!”
1167 1037 1405 1101 &aduae-aa

354 1209 397 1291 ¹C.
415 1247 537 1290 IULIUS
554 1246 697 1291 CAESAR.
724 1247 848 1303 [Quarta
860 1249 950 1301 para]

430 1364 508 1445 (18.)
532 1365 564 1426 C.
582 1365 689 1425 Cacsar
709 1368 807 1428 omnia
821 1369 885 1426 iura
898 1369 999 1426 divina
1012 1375 1043 1426 et
1056 1367 1184 1424 humana
1198 1367 1339 1445 pervertit
1351 1385 1439 1444 prop

366 1471 412 1520 ter
425 1483 501 1535 cum,
525 1483 610 1541 quem
636 1463 692 1522 sibi
715 1464 777 1542 ipse
802 1466 949 1544 opinionis
974 1484 1070 1523 errore
1092 1463 1436 1542 finxeratpriucipatum.

363 1558 429 1640 (De
443 1560 516 1618 offic.
535 1568 561 1636 l,
576 1559 593 1639 ξ
610 1561 671 1640 26.)

428 1655 505 1735 (19.)
528 1656 635 1715 Caesar
649 1658 680 1716 in
694 1677 729 1716 eo
744 1665 855 1731 senatu,
868 1678 955 1736 quem
971 1658 1080 1716 maiore
1096 1677 1130 1716 ex
1145 1665 1228 1736 parte
1242 1657 1305 1736 ipse
1320 1665 1438 1735 coopta-

366 1761 421 1826 rat,
436 1754 467 1812 in
482 1755 562 1812 curia
575 1753 727 1832 Pompeia,
743 1765 811 1812 aute
825 1755 918 1831 ipsius
932 1754 1056 1832 Pompei
1070 1753 1266 1826 simulacrum,
1278 1758 1324 1810 tot
1337 1758 1438 1810 centu·

366 1851 499 1908 tionibus
518 1851 577 1908 suis
598 1849 840 1929 inspectantibus,
855 1870 873 1908 a
886 1849 1076 1908 nobilissimis
1090 1850 1211 1921 civibus,
1226 1851 1334 1929 partim
1347 1849 1437 1907 etiam

362 1945 403 2004 ab
426 1967 462 2004 eo
488 1947 625 2004 omnibus
647 1945 734 2004 rebus
757 1948 876 2018 ornatis,
891 1947 1055 2005 trucidatus
1079 1947 1121 2004 ita
1144 1948 1243 2019 iacuit,
1258 1954 1293 2004 ut
1314 1947 1357 2004 ad'
1374 1947 1437 2004 eius

363 2063 472 2122 corpus
486 2063 545 2101 uou
561 2043 650 2101 modo
671 2044 833 2102 amicorum
855 2045 906 2102 sed
927 2064 964 2102 ne
985 2063 1132 2101 servorum
1148 2044 1267 2121 quidem
1283 2044 1436 2121 quisquam

364 2141 525 2200 accederet
569 2140 630 2220 (De
646 2141 735 2201 divin.
753 2147 780 2214 2,
796 2141 813 2222 ξ
830 2140 893 2221 23.)

427 2235 504 2318 (20.)
526 2237 659 2296 Caesaris
673 2246 768 2298 actae
784 2237 1031 2298 commentariolis
1045 2244 1076 2295 et
1089 2236 1293 2315 chirographis
1312 2244 1343 2295 et
1356 2236 1437 2294 libel·

363 2336 401 2393 lis
425 2355 443 2393 a
467 2335 506 2393 M.
531 2335 673 2407 Antonio,
696 2355 731 2394 eo
755 2355 814 2393 uno
837 2342 964 2407 auctore,
989 2335 1104 2412 prolata
1127 2343 1204 2394 suut
1247 2333 1389 2414 (Philipp.
1408 2340 1434 2406 1,

365 2431 462 2512 ιιι.)

427 2527 505 2610 (21.)
532 2527 618 2608 (Post
631 2528 763 2588 Caesaris
777 2527 943 2608 interitum)
967 2528 1136 2586 consulibus
1150 2536 1180 2587 et
1193 2529 1259 2606 lege
1274 2536 1304 2586 et
1318 2536 1436 2586 senatus

365 2626 500 2684 consulto
515 2627 689 2704 permissum
705 2633 757 2699 est,
773 2634 806 2685 ut
820 2627 857 2684 de
872 2625 1003 2684 Caesaris
1017 2627 1089 2683 actis
1111 2632 1331 2704 cognoscerent,
1347 2632 1436 2682 statu-

360 2731 456 2796 erent,
471 2723 644 2781 iudicarent.
687 2721 793 2802 (Epist
808 2723 847 2780 ad
861 2723 952 2780 Attie.
970 2728 1016 2794 16,
1033 2728 1079 2790 16,
1096 2722 1131 2794 B,
1147 2721 1164 2800 ἓ
1181 2722 1224 2803 8.)

428 2817 504 2899 (22.)
528 2819 635 2878 Caesar
649 2826 797 2898 tyrannus,
813 2840 900 2898 quem
921 2822 1009 2878 armis
1030 2839 1170 2898 oppressa
1190 2819 1312 2898 pertulit
1332 2819 1435 2876 civitas

360 2924 504 2996 ‘paretque
519 2936 585 2975 cum
600 2917 725 2975 maxime
740 2925 864 2977 mortuo.
909 2915 971 2996 (Dc
985 2917 1058 2976 offic.
1075 2925 1102 2990 2,
1118 2916 1135 2995 ξ
1151 2917 1213 2996 23.)

683 3046 801 3113 [Mimo
812 3047 1119 3114 mammae]

362 3273 500 3318 62022120.
528 3273 638 3326 [Ter-tia
650 3275 738 3328 pam]

427 3392 483 3473 (8.)
509 3393 629 3474 [678=
645 3391 698 3473 76]
722 3393 824 3453 Unum
854 3415 973 3468 anuum,
996 3415 1063 3454 cum
1091 3394 1267 3452 redissemus
1294 3412 1329 3450 er
1351 3393 1434 3465 Asia,

360 3509 465 3548 causas
486 3490 594 3548 nobilis
614 3491 736 3568 egimus,
758 3510 824 3549 cum
846 3501 1029 3570 quaesturam
1050 3511 1113 3563 nos,
1134 3489 1316 3548 consulatum
1337 3490 1434 3562 Cotta,

360 3587 545 3646 aedilitatem
567 3594 682 3665 peteret
704 3587 887 3647 Hortensius.
931 3588 1037 3669 (Brut,
1060 3587 1161 3667 §318-
1204 3586 1251 3645 Cf.
1277 3588 1307 3644 in
1333 3587 1434 3647 Pison.

360 3683 382 3764 ξ
398 3690 415 3740 2
427 3703 434 3742 :
456 3683 506 3743 Me
520 3692 703 3763 quaestorem
717 3687 828 3743 cunctis
843 3686 988 3764 suffragiis
1001 3685 1127 3764 populus
1141 3684 1292 3742 Romanus
1305 3683 1398 3764 fecit)

395 3767 397 3771 ⁵
427 3779 484 3862 (9.)
511 3779 584 3861 [679
594 3801 629 3840 sa
645 3805 678 3834 =
692 3781 728 3838 75
739 3779 791 3860 ss]
815 3781 938 3840 Interim
952 3803 1000 3841 me
1015 3790 1198 3860 quaestorem
1212 3779 1373 3838 Siciliensis
1387 3799 1435 3836 ex·

360 3879 444 3954 oepit
457 3898 559 3951 annus,
575 3877 664 3935 Cotta
687 3898 722 3936 ex
747 3879 898 3937 consulatu
922 3887 967 3938 est
988 3879 1135 3958 profectus
1156 3880 1188 3936 in
1206 3877 1340 3948 Galliam,
1355 3877 1435 3954 prin·

361 3993 434 4052 ceps
456 3982 487 4032 et
511 3982 573 4032 erat
594 3982 624 4032 et
648 3974 809 4034 habebatur
832 3977 1016 4036 Hortensius.
1060 3974 1201 4057 (Brung
1221 3981 1288 4033 318.
1332 3973 1378 4031 Cf.
1403 3975 1434 4030 in

364 4071 448 4130 Verr.
474 4079 500 4144 5,
524 4069 613 4150 §352
634 4071 683 4130 Sic
705 4071 821 4144 obtinui
847 4074 1086 4151 quaesturam·in
1110 4072 1220 4144 Sicilia,
1245 4079 1279 4128 ut
1300 4071 1433 4128 omnium

360 4166 466 4224 oculos
488 4167 519 4224 in
544 4187 591 4225 me
614 4169 763 4226 coniectos
787 4189 850 4228 esse
872 4168 1042 4243 arbitrarer3
1064 4178 1098 4228 ut
1119 4189 1166 4228 me
1191 4176 1433 4247 quaesturamque

362 4268 461 4322 meam
476 4266 557 4342 quasi
572 4266 602 4323 in
617 4266 713 4345 aliquo
728 4273 870 4324 terrarum
885 4267 963 4325 orbis
976 4268 1092 4325 theatro
1106 4267 1214 4325 versari
1228 4267 1430 4324 existimarem.
