<?xml version="1.0" encoding="UTF-8"?>
<!DOCTYPE html PUBLIC "-//W3C//DTD XHTML 1.0 Transitional//EN"
    "http://www.w3.org/TR/xhtml1/DTD/xhtml1-transitional.dtd">
<html xmlns="http://www.w3.org/1999/xhtml" xml:lang="en" lang="en">
 <head>
  <title>
</title>
<meta http-equiv="Content-Type" content="text/html;charset=utf-8" />
  <meta name='ocr-system' content='tesseract 3.04.00' />
  <meta name='ocr-capabilities' content='ocr_page ocr_carea ocr_par ocr_line ocrx_word'/>
</head>
<body>
  <div class='ocr_page' id='page_1' title='image "./latineetgraece00unkngoog_0194.png"; bbox 0 0 3334 5109; ppageno 0'>
   <div class='ocr_carea' id='block_1_1' title="bbox 349 409 970 466">
    <p class='ocr_par' dir='ltr' id='par_1_1' title="bbox 349 409 970 466">
     <span class='ocr_line' id='line_1_1' title="bbox 349 409 970 466; baseline 0.01 -6"><span class='ocrx_word' id='word_1_1' title='bbox 349 409 419 464; x_wconf 83' lang='lat'><strong>184</strong></span> <span class='ocrx_word' id='word_1_2' title='bbox 781 415 970 466; x_wconf 80' lang='lat' dir='ltr'><strong>LATINE.</strong></span> 
     </span>
    </p>
   </div>
   <div class='ocr_carea' id='block_1_2' title="bbox 425 577 1249 1138">
    <p class='ocr_par' dir='ltr' id='par_1_2' title="bbox 425 577 1249 1138">
     <span class='ocr_line' id='line_1_2' title="bbox 425 577 1249 643; baseline 0.001 -16"><span class='ocrx_word' id='word_1_3' title='bbox 425 577 520 629; x_wconf 72' lang='grc' dir='ltr'>Βιιὸαοὶ.</span> <span class='ocrx_word' id='word_1_4' title='bbox 539 579 583 640; x_wconf 78' lang='lat' dir='ltr'><strong>En,</strong></span> <span class='ocrx_word' id='word_1_5' title='bbox 596 579 712 642; x_wconf 71' lang='lat' dir='ltr'><strong>pilanum</strong></span> <span class='ocrx_word' id='word_1_6' title='bbox 721 593 788 640; x_wconf 84' lang='lat' dir='ltr'><strong>oves,</strong></span> <span class='ocrx_word' id='word_1_7' title='bbox 801 580 886 640; x_wconf 82' lang='lat' dir='ltr'><strong>pueri;</strong></span> <span class='ocrx_word' id='word_1_8' title='bbox 901 579 1016 630; x_wconf 73' lang='lat' dir='ltr'><strong>cohibete</strong></span> <span class='ocrx_word' id='word_1_9' title='bbox 1026 587 1153 643; x_wconf 72' lang='lat' dir='ltr'><strong>vagantes.</strong></span> <span class='ocrx_word' id='word_1_10' title='bbox 1247 596 1249 601; x_wconf 95' lang='lat'>·</span> 
     </span>
     <span class='ocr_line' id='line_1_3' title="bbox 540 661 1248 726; baseline 0.003 -17"><span class='ocrx_word' id='word_1_11' title='bbox 540 661 604 719; x_wconf 84' lang='lat' dir='ltr'>Quid</span> <span class='ocrx_word' id='word_1_12' title='bbox 615 661 646 710; x_wconf 81' lang='lat' dir='ltr'><strong>ds</strong></span> <span class='ocrx_word' id='word_1_13' title='bbox 657 661 808 710; x_wconf 72' lang='lat' dir='ltr'><strong>carminibus</strong></span> <span class='ocrx_word' id='word_1_14' title='bbox 819 662 920 711; x_wconf 72' lang='lat' dir='ltr'><strong>dicam?</strong></span> <span class='ocrx_word' id='word_1_15' title='bbox 954 663 1015 720; x_wconf 83' lang='lat' dir='ltr'><strong>Quis</strong></span> <span class='ocrx_word' id='word_1_16' title='bbox 1026 677 1128 711; x_wconf 64' lang='lat' dir='ltr'><strong>munao</strong></span> <span class='ocrx_word' id='word_1_17' title='bbox 1137 663 1248 726; x_wconf 77' lang='lat' dir='ltr'><strong>diguus?</strong></span> 
     </span>
     <span class='ocr_line' id='line_1_4' title="bbox 538 743 1149 806; baseline 0 -14"><span class='ocrx_word' id='word_1_18' title='bbox 538 743 614 792; x_wconf 83' lang='lat' dir='ltr'><strong>Dulce</strong></span> <span class='ocrx_word' id='word_1_19' title='bbox 625 744 692 791; x_wconf 80' lang='lat' dir='ltr'><strong>canit</strong></span> <span class='ocrx_word' id='word_1_20' title='bbox 704 743 794 805; x_wconf 74' lang='lat' dir='ltr'><strong>Herod,</strong></span> <span class='ocrx_word' id='word_1_21' title='bbox 808 745 940 806; x_wconf 73' lang='lat' dir='ltr'>respondet</span> <span class='ocrx_word' id='word_1_22' title='bbox 950 747 1059 794; x_wconf 81' lang='lat' dir='ltr'><strong>suaviter</strong></span> <span class='ocrx_word' id='word_1_23' title='bbox 1070 745 1149 806; x_wconf 75' lang='lat' dir='ltr'><strong>Ami,</strong></span> 
     </span>
     <span class='ocr_line' id='line_1_5' title="bbox 539 825 1170 890; baseline 0.002 -16"><span class='ocrx_word' id='word_1_24' title='bbox 539 825 585 874; x_wconf 87' lang='lat' dir='ltr'><strong>Hic</strong></span> <span class='ocrx_word' id='word_1_25' title='bbox 596 825 682 886; x_wconf 82' lang='lat' dir='ltr'><strong>spoliis</strong></span> <span class='ocrx_word' id='word_1_26' title='bbox 693 826 790 889; x_wconf 81' lang='lat' dir='ltr'><strong>dignus¹</strong></span> <span class='ocrx_word' id='word_1_27' title='bbox 803 825 892 889; x_wconf 78' lang='lat' dir='ltr'><strong>dignus</strong></span> <span class='ocrx_word' id='word_1_28' title='bbox 903 834 939 888; x_wconf 81' lang='lat' dir='ltr'><strong>tu,</strong></span> <span class='ocrx_word' id='word_1_29' title='bbox 952 828 1042 888; x_wconf 74' lang='lat' dir='ltr'><strong>Herod,</strong></span> <span class='ocrx_word' id='word_1_30' title='bbox 1054 836 1080 876; x_wconf 80' lang='lat' dir='ltr'><strong>at</strong></span> <span class='ocrx_word' id='word_1_31' title='bbox 1091 842 1170 890; x_wconf 75' lang='lat' dir='ltr'><strong>agua:</strong></span> 
     </span>
     <span class='ocr_line' id='line_1_6' title="bbox 537 907 1162 970; baseline 0.005 -15"><span class='ocrx_word' id='word_1_32' title='bbox 537 907 626 956; x_wconf 65' lang='lat' dir='ltr'><strong>«ludios</strong></span> <span class='ocrx_word' id='word_1_33' title='bbox 638 922 684 970; x_wconf 81' lang='lat' dir='ltr'><strong>me,</strong></span> <span class='ocrx_word' id='word_1_34' title='bbox 697 922 773 970; x_wconf 83' lang='lat' dir='ltr'><strong>puero</strong></span> <span class='ocrx_word' id='word_1_35' title='bbox 785 909 900 958; x_wconf 79' lang='lat' dir='ltr'><strong>donanda</strong></span> <span class='ocrx_word' id='word_1_36' title='bbox 910 910 971 959; x_wconf 84' lang='lat' dir='ltr'><strong>baec</strong></span> <span class='ocrx_word' id='word_1_37' title='bbox 982 925 1086 958; x_wconf 77' lang='lat' dir='ltr'><strong>munera</strong></span> <span class='ocrx_word' id='word_1_38' title='bbox 1096 911 1162 970; x_wconf 81' lang='lat' dir='ltr'><strong>divo,</strong></span> 
     </span>
     <span class='ocr_line' id='line_1_7' title="bbox 496 990 1066 1056; baseline 0 -16"><span class='ocrx_word' id='word_1_39' title='bbox 496 1035 499 1040; x_wconf 91' lang='lat'>.</span> <span class='ocrx_word' id='word_1_40' title='bbox 538 990 650 1052; x_wconf 76' lang='lat' dir='ltr'><strong>Accipiet</strong></span> <span class='ocrx_word' id='word_1_41' title='bbox 661 997 755 1054; x_wconf 78' lang='lat' dir='ltr'><strong>gratus,</strong></span> <span class='ocrx_word' id='word_1_42' title='bbox 768 992 858 1056; x_wconf 82' lang='lat' dir='ltr'><strong>dignus</strong></span> <span class='ocrx_word' id='word_1_43' title='bbox 869 993 1005 1054; x_wconf 79' lang='lat' dir='ltr'><strong>majoribus</strong></span> <span class='ocrx_word' id='word_1_44' title='bbox 1017 992 1066 1054; x_wconf 86' lang='lat' dir='ltr'><strong>ille,</strong></span> 
     </span>
     <span class='ocr_line' id='line_1_8' title="bbox 538 1071 1126 1138; baseline 0.005 -19"><span class='ocrx_word' id='word_1_45' title='bbox 538 1071 658 1133; x_wconf 77' lang='lat' dir='ltr'><strong>Incipere,</strong></span> <span class='ocrx_word' id='word_1_46' title='bbox 670 1072 709 1134; x_wconf 79' lang='lat' dir='ltr'><strong>oh,</strong></span> <span class='ocrx_word' id='word_1_47' title='bbox 722 1073 821 1122; x_wconf 82' lang='lat' dir='ltr'><strong>faustus</strong></span> <span class='ocrx_word' id='word_1_48' title='bbox 833 1075 948 1138; x_wconf 74' lang='lat' dir='ltr'>dignetur</span> <span class='ocrx_word' id='word_1_49' title='bbox 958 1089 1034 1138; x_wconf 76' lang='lat' dir='ltr'><strong>regna</strong></span> <span class='ocrx_word' id='word_1_50' title='bbox 1045 1077 1126 1122; x_wconf 71' lang='lat' dir='ltr'><strong>besta</strong></span> 
     </span>
    </p>
   </div>
   <div class='ocr_carea' id='block_1_3' title="bbox 390 1169 1335 1238">
    <p class='ocr_par' dir='ltr' id='par_1_3' title="bbox 390 1169 1335 1238">
     <span class='ocr_line' id='line_1_9' title="bbox 390 1169 1335 1238; baseline 0.001 -18"><span class='ocrx_word' id='word_1_51' title='bbox 390 1169 501 1234; x_wconf 85' lang='lat' dir='ltr'><strong>Septimo</strong></span> <span class='ocrx_word' id='word_1_52' title='bbox 511 1171 570 1220; x_wconf 86' lang='lat' dir='ltr'><strong>Idus</strong></span> <span class='ocrx_word' id='word_1_53' title='bbox 582 1170 801 1223; x_wconf 72' lang='lat' dir='ltr'><strong>Manu-carmen</strong></span> <span class='ocrx_word' id='word_1_54' title='bbox 813 1174 900 1236; x_wconf 85' lang='lat' dir='ltr'><strong>scripsi</strong></span> <span class='ocrx_word' id='word_1_55' title='bbox 911 1174 937 1223; x_wconf 89' lang='lat' dir='ltr'><strong>in</strong></span> <span class='ocrx_word' id='word_1_56' title='bbox 948 1175 1056 1238; x_wconf 74' lang='lat' dir='ltr'><strong>collegio</strong></span> <span class='ocrx_word' id='word_1_57' title='bbox 1067 1173 1187 1233; x_wconf 77' lang='lat' dir='ltr'><strong>Ioiolneo,</strong></span> <span class='ocrx_word' id='word_1_58' title='bbox 1201 1173 1335 1221; x_wconf 80' lang='lat' dir='ltr'><strong>Baltimor&#39;u</strong></span> 
     </span>
    </p>
   </div>
   <div class='ocr_carea' id='block_1_4' title="bbox 262 1365 1476 4340">
    <p class='ocr_par' dir='ltr' id='par_1_4' title="bbox 343 1365 1413 1484">
     <span class='ocr_line' id='line_1_10' title="bbox 343 1365 1413 1484; baseline -0.001 -74"><span class='ocrx_word' id='word_1_59' title='bbox 343 1365 728 1484; x_wconf 55' lang='lat' dir='ltr'><strong>Gomoqmgtshwuibus</strong></span> <span class='ocrx_word' id='word_1_60' title='bbox 742 1367 833 1412; x_wconf 68' lang='lat' dir='ltr'><strong>Illam</strong></span> <span class='ocrx_word' id='word_1_61' title='bbox 849 1367 960 1412; x_wconf 76' lang='lat' dir='ltr'><strong>oratos-l</strong></span> <span class='ocrx_word' id='word_1_62' title='bbox 976 1378 1052 1420; x_wconf 82' lang='lat' dir='ltr'><strong>opus</strong></span> <span class='ocrx_word' id='word_1_63' title='bbox 1068 1366 1150 1419; x_wconf 67' lang='lat' dir='ltr'><strong>saw]</strong></span> <span class='ocrx_word' id='word_1_64' title='bbox 1178 1366 1254 1419; x_wconf 70' lang='lat' dir='ltr'><strong>[Vsu.</strong></span> <span class='ocrx_word' id='word_1_65' title='bbox 1273 1365 1413 1422; x_wconf 76' lang='lat' dir='ltr'><strong>Quintili-</strong></span> 
     </span>
     <span class='ocr_line' id='line_1_11' title="bbox 400 1441 581 1482; baseline 0.011 -9"><span class='ocrx_word' id='word_1_66' title='bbox 400 1441 496 1482; x_wconf 62' lang='lat' dir='ltr'><strong>um,</strong></span> <span class='ocrx_word' id='word_1_67' title='bbox 540 1454 581 1475; x_wconf 83' lang='grc'><strong>.·.</strong></span> 
     </span>
    </p>

    <p class='ocr_par' dir='ltr' id='par_1_5' title="bbox 342 1549 1415 1725">
     <span class='ocr_line' id='line_1_12' title="bbox 402 1549 1415 1630; baseline 0 -22"><span class='ocrx_word' id='word_1_68' title='bbox 402 1549 653 1630; x_wconf 80' lang='lat' dir='ltr'><strong>A.—Ooutigitue</strong></span> <span class='ocrx_word' id='word_1_69' title='bbox 669 1551 734 1624; x_wconf 85' lang='lat' dir='ltr'><strong>tibi,</strong></span> <span class='ocrx_word' id='word_1_70' title='bbox 750 1551 965 1620; x_wconf 82' lang='lat' dir='ltr'><strong>Quintilianum</strong></span> <span class='ocrx_word' id='word_1_71' title='bbox 976 1551 1045 1609; x_wconf 91' lang='lat' dir='ltr'><strong>huic</strong></span> <span class='ocrx_word' id='word_1_72' title='bbox 1059 1552 1225 1629; x_wconf 89' lang='lat' dir='ltr'><strong>quaestioni</strong></span> <span class='ocrx_word' id='word_1_73' title='bbox 1236 1551 1415 1629; x_wconf 89' lang='lat' dir='ltr'><strong>responden-</strong></span> 
     </span>
     <span class='ocr_line' id='line_1_13' title="bbox 342 1647 533 1725; baseline 0.01 -20"><span class='ocrx_word' id='word_1_74' title='bbox 342 1655 402 1705; x_wconf 78' lang='lat' dir='ltr'><strong>tem</strong></span> <span class='ocrx_word' id='word_1_75' title='bbox 416 1647 533 1725; x_wconf 77' lang='lat' dir='ltr'><strong>legeret</strong></span> 
     </span>
    </p>

    <p class='ocr_par' dir='ltr' id='par_1_6' title="bbox 342 1743 1412 1920">
     <span class='ocr_line' id='line_1_14' title="bbox 401 1743 1412 1823; baseline 0.001 -22"><span class='ocrx_word' id='word_1_76' title='bbox 401 1743 601 1802; x_wconf 87' lang='lat' dir='ltr'><strong>B.-Minime</strong></span> <span class='ocrx_word' id='word_1_77' title='bbox 616 1763 693 1803; x_wconf 88' lang='lat' dir='ltr'><strong>vero.</strong></span> <span class='ocrx_word' id='word_1_78' title='bbox 736 1744 811 1803; x_wconf 87' lang='lat' dir='ltr'><strong>Mihi</strong></span> <span class='ocrx_word' id='word_1_79' title='bbox 831 1752 948 1823; x_wconf 79' lang='lat' dir='ltr'><strong>gratum</strong></span> <span class='ocrx_word' id='word_1_80' title='bbox 962 1745 1076 1817; x_wconf 83' lang='lat' dir='ltr'><strong>feceris,</strong></span> <span class='ocrx_word' id='word_1_81' title='bbox 1091 1745 1115 1802; x_wconf 91' lang='lat' dir='ltr'><strong>si</strong></span> <span class='ocrx_word' id='word_1_82' title='bbox 1126 1745 1303 1803; x_wconf 89' lang='lat' dir='ltr'><strong>sententiam</strong></span> <span class='ocrx_word' id='word_1_83' title='bbox 1323 1745 1412 1822; x_wconf 84' lang='lat' dir='ltr'><strong>hujus</strong></span> 
     </span>
     <span class='ocr_line' id='line_1_15' title="bbox 342 1840 836 1920; baseline 0.002 -22"><span class='ocrx_word' id='word_1_84' title='bbox 342 1841 491 1918; x_wconf 81' lang='lat' dir='ltr'><strong>scriptoris</strong></span> <span class='ocrx_word' id='word_1_85' title='bbox 505 1840 644 1918; x_wconf 88' lang='lat' dir='ltr'><strong>praeclari</strong></span> <span class='ocrx_word' id='word_1_86' title='bbox 659 1842 836 1920; x_wconf 83' lang='lat' dir='ltr'><strong>exposueris.</strong></span> 
     </span>
    </p>

    <p class='ocr_par' dir='ltr' id='par_1_7' title="bbox 342 1937 1413 2208">
     <span class='ocr_line' id='line_1_16' title="bbox 402 1937 1411 2016; baseline 0 -22"><span class='ocrx_word' id='word_1_87' title='bbox 402 1937 607 2010; x_wconf 84' lang='lat' dir='ltr'><strong>A.-Faciam,</strong></span> <span class='ocrx_word' id='word_1_88' title='bbox 633 1947 666 1996; x_wconf 91' lang='lat' dir='ltr'><strong>ut</strong></span> <span class='ocrx_word' id='word_1_89' title='bbox 692 1946 802 2016; x_wconf 86' lang='lat' dir='ltr'><strong>potero.</strong></span> <span class='ocrx_word' id='word_1_90' title='bbox 858 1937 989 1996; x_wconf 88' lang='lat' dir='ltr'><strong>Primum</strong></span> <span class='ocrx_word' id='word_1_91' title='bbox 1022 1937 1095 1996; x_wconf 87' lang='lat' dir='ltr'><strong>dicit</strong></span> <span class='ocrx_word' id='word_1_92' title='bbox 1120 1938 1239 1996; x_wconf 89' lang='lat' dir='ltr'><strong>nonnisi</strong></span> <span class='ocrx_word' id='word_1_93' title='bbox 1263 1938 1411 2015; x_wconf 90' lang='lat' dir='ltr'><strong>optimum</strong></span> 
     </span>
     <span class='ocr_line' id='line_1_17' title="bbox 343 2033 1413 2114; baseline 0.001 -22"><span class='ocrx_word' id='word_1_94' title='bbox 343 2053 488 2113; x_wconf 83' lang='lat' dir='ltr'><strong>quemque</strong></span> <span class='ocrx_word' id='word_1_95' title='bbox 510 2054 572 2093; x_wconf 89' lang='lat' dir='ltr'><strong>esse</strong></span> <span class='ocrx_word' id='word_1_96' title='bbox 594 2034 759 2112; x_wconf 87' lang='lat' dir='ltr'><strong>legendum.</strong></span> <span class='ocrx_word' id='word_1_97' title='bbox 802 2033 871 2092; x_wconf 91' lang='lat' dir='ltr'><strong>Non</strong></span> <span class='ocrx_word' id='word_1_98' title='bbox 893 2036 993 2092; x_wconf 90' lang='lat' dir='ltr'><strong>omnia</strong></span> <span class='ocrx_word' id='word_1_99' title='bbox 1011 2042 1119 2105; x_wconf 82' lang='lat' dir='ltr'><strong>autern,</strong></span> <span class='ocrx_word' id='word_1_100' title='bbox 1135 2054 1209 2113; x_wconf 87' lang='lat' dir='ltr'><strong>quae</strong></span> <span class='ocrx_word' id='word_1_101' title='bbox 1227 2036 1334 2114; x_wconf 89' lang='lat' dir='ltr'><strong>optimi</strong></span> <span class='ocrx_word' id='word_1_102' title='bbox 1351 2036 1413 2093; x_wconf 85' lang='lat' dir='ltr'><strong>dix·</strong></span> 
     </span>
     <span class='ocr_line' id='line_1_18' title="bbox 342 2130 662 2208; baseline 0 -20"><span class='ocrx_word' id='word_1_103' title='bbox 342 2131 433 2202; x_wconf 84' lang='lat' dir='ltr'><strong>exint,</strong></span> <span class='ocrx_word' id='word_1_104' title='bbox 448 2149 510 2188; x_wconf 84' lang='lat' dir='ltr'><strong>osso</strong></span> <span class='ocrx_word' id='word_1_105' title='bbox 523 2130 662 2208; x_wconf 81' lang='lat' dir='ltr'><strong>perlecta.</strong></span> 
     </span>
    </p>

    <p class='ocr_par' dir='ltr' id='par_1_8' title="bbox 288 2226 1413 2592">
     <span class='ocr_line' id='line_1_19' title="bbox 402 2226 1412 2307; baseline 0.001 -22"><span class='ocrx_word' id='word_1_106' title='bbox 402 2226 589 2286; x_wconf 88' lang='lat' dir='ltr'><strong>B.-Nonne</strong></span> <span class='ocrx_word' id='word_1_107' title='bbox 607 2227 750 2285; x_wconf 80' lang='lat' dir='ltr'><strong>Horatius</strong></span> <span class='ocrx_word' id='word_1_108' title='bbox 772 2228 846 2287; x_wconf 89' lang='lat' dir='ltr'><strong>dicit</strong></span> <span class='ocrx_word' id='word_1_109' title='bbox 871 2228 980 2286; x_wconf 90' lang='lat' dir='ltr'><strong>bonum</strong></span> <span class='ocrx_word' id='word_1_110' title='bbox 1004 2228 1168 2287; x_wconf 87' lang='lat' dir='ltr'><strong>Homerum</strong></span> <span class='ocrx_word' id='word_1_111' title='bbox 1191 2248 1412 2307; x_wconf 81' lang='lat' dir='ltr'><strong>nonnumquam</strong></span> 
     </span>
     <span class='ocr_line' id='line_1_20' title="bbox 288 2323 522 2382; baseline 0.009 -2"><span class='ocrx_word' id='word_1_112' title='bbox 288 2345 308 2352; x_wconf 47' lang='lat'><strong>⁴*</strong></span> <span class='ocrx_word' id='word_1_113' title='bbox 343 2323 522 2382; x_wconf 71' lang='lat' dir='ltr'><strong>dormitaret</strong></span> 
     </span>
     <span class='ocr_line' id='line_1_21' title="bbox 403 2420 1413 2502; baseline 0.001 -23"><span class='ocrx_word' id='word_1_114' title='bbox 403 2422 532 2480; x_wconf 86' lang='lat' dir='ltr'><strong>A.-lta</strong></span> <span class='ocrx_word' id='word_1_115' title='bbox 551 2429 595 2480; x_wconf 90' lang='lat' dir='ltr'><strong>est</strong></span> <span class='ocrx_word' id='word_1_116' title='bbox 618 2420 668 2501; x_wconf 69' lang='lat' dir='ltr'><strong>(A</strong></span> <span class='ocrx_word' id='word_1_117' title='bbox 691 2422 724 2480; x_wconf 92' lang='lat' dir='ltr'><strong>P.</strong></span> <span class='ocrx_word' id='word_1_118' title='bbox 750 2421 841 2502; x_wconf 79' lang='lat'><strong>359):</strong></span> <span class='ocrx_word' id='word_1_119' title='bbox 866 2422 1064 2491; x_wconf 76' lang='lat' dir='ltr'><strong>Quintilianus</strong></span> <span class='ocrx_word' id='word_1_120' title='bbox 1084 2423 1159 2481; x_wconf 85' lang='lat' dir='ltr'><strong>dicit</strong></span> <span class='ocrx_word' id='word_1_121' title='bbox 1179 2423 1413 2482; x_wconf 83' lang='lat' dir='ltr'><strong>Demosthenem</strong></span> 
     </span>
     <span class='ocr_line' id='line_1_22' title="bbox 288 2518 1275 2592; baseline 0.002 -16"><span class='ocrx_word' id='word_1_122' title='bbox 288 2558 289 2565; x_wconf 36' lang='grc' dir='ltr'>ι</span> <span class='ocrx_word' id='word_1_123' title='bbox 343 2519 460 2577; x_wconf 90' lang='lat' dir='ltr'><strong>interim</strong></span> <span class='ocrx_word' id='word_1_124' title='bbox 476 2518 609 2577; x_wconf 86' lang='lat' dir='ltr'><strong>Ciceroni</strong></span> <span class='ocrx_word' id='word_1_125' title='bbox 624 2519 783 2578; x_wconf 83' lang='lat' dir='ltr'><strong>dormitare</strong></span> <span class='ocrx_word' id='word_1_126' title='bbox 798 2519 900 2592; x_wconf 90' lang='lat' dir='ltr'><strong>videri,</strong></span> <span class='ocrx_word' id='word_1_127' title='bbox 915 2527 949 2578; x_wconf 84' lang='lat' dir='ltr'><strong>ut</strong></span> <span class='ocrx_word' id='word_1_128' title='bbox 962 2520 1088 2578; x_wconf 88' lang='lat' dir='ltr'><strong>Horatio</strong></span> <span class='ocrx_word' id='word_1_129' title='bbox 1103 2521 1275 2579; x_wconf 88' lang='lat' dir='ltr'><strong>Homerum.</strong></span> 
     </span>
    </p>

    <p class='ocr_par' dir='ltr' id='par_1_9' title="bbox 403 2615 1238 2697">
     <span class='ocr_line' id='line_1_23' title="bbox 403 2615 1238 2697; baseline 0.004 -24"><span class='ocrx_word' id='word_1_130' title='bbox 403 2615 589 2697; x_wconf 82' lang='lat' dir='ltr'><strong>B.-Nonne</strong></span> <span class='ocrx_word' id='word_1_131' title='bbox 604 2623 689 2694; x_wconf 84' lang='lat' dir='ltr'><strong>putat</strong></span> <span class='ocrx_word' id='word_1_132' title='bbox 703 2618 826 2675; x_wconf 85' lang='lat' dir='ltr'><strong>oratoris</strong></span> <span class='ocrx_word' id='word_1_133' title='bbox 841 2619 989 2690; x_wconf 85' lang='lat' dir='ltr'><strong>interesse,</strong></span> <span class='ocrx_word' id='word_1_134' title='bbox 1004 2618 1100 2696; x_wconf 81' lang='lat' dir='ltr'><strong>legere</strong></span> <span class='ocrx_word' id='word_1_135' title='bbox 1114 2620 1238 2696; x_wconf 82' lang='lat' dir='ltr'><strong>poetasl</strong></span> 
     </span>
    </p>

    <p class='ocr_par' dir='ltr' id='par_1_10' title="bbox 343 2713 1415 3086">
     <span class='ocr_line' id='line_1_24' title="bbox 403 2713 1414 2792; baseline 0.001 -21"><span class='ocrx_word' id='word_1_136' title='bbox 403 2713 712 2792; x_wconf 80' lang='lat' dir='ltr'><strong>A.-Theophrastus‚</strong></span> <span class='ocrx_word' id='word_1_137' title='bbox 723 2716 772 2783; x_wconf 83' lang='lat' dir='ltr'><strong>ait,</strong></span> <span class='ocrx_word' id='word_1_138' title='bbox 782 2716 825 2773; x_wconf 86' lang='lat' dir='ltr'><strong>ita</strong></span> <span class='ocrx_word' id='word_1_139' title='bbox 834 2715 986 2792; x_wconf 86' lang='lat' dir='ltr'><strong>judicavit.</strong></span> <span class='ocrx_word' id='word_1_140' title='bbox 1012 2714 1182 2773; x_wconf 88' lang='lat' dir='ltr'><strong>Ciceronem</strong></span> <span class='ocrx_word' id='word_1_141' title='bbox 1193 2716 1282 2773; x_wconf 89' lang='lat' dir='ltr'><strong>etiam</strong></span> <span class='ocrx_word' id='word_1_142' title='bbox 1291 2715 1414 2772; x_wconf 81' lang='lat' dir='ltr'><strong>adhunc</strong></span> 
     </span>
     <span class='ocr_line' id='line_1_25' title="bbox 344 2811 1415 2891; baseline 0.003 -24"><span class='ocrx_word' id='word_1_143' title='bbox 344 2830 406 2868; x_wconf 88' lang='lat' dir='ltr'><strong>rem</strong></span> <span class='ocrx_word' id='word_1_144' title='bbox 421 2811 500 2869; x_wconf 88' lang='lat' dir='ltr'><strong>citat.</strong></span> <span class='ocrx_word' id='word_1_145' title='bbox 543 2811 743 2870; x_wconf 84' lang='lat' dir='ltr'><strong>Meministine</strong></span> <span class='ocrx_word' id='word_1_146' title='bbox 763 2813 826 2890; x_wconf 90' lang='lat' dir='ltr'><strong>ipse</strong></span> <span class='ocrx_word' id='word_1_147' title='bbox 850 2820 916 2870; x_wconf 80' lang='lat' dir='ltr'><strong>eu&#39;m</strong></span> <span class='ocrx_word' id='word_1_148' title='bbox 940 2811 1037 2891; x_wconf 86' lang='lat' dir='ltr'><strong>dicere</strong></span> <span class='ocrx_word' id='word_1_149' title='bbox 1056 2831 1162 2890; x_wconf 22' lang='lat' dir='ltr'><strong>„omnes</strong></span> <span class='ocrx_word' id='word_1_150' title='bbox 1185 2821 1270 2883; x_wconf 88' lang='lat' dir='ltr'><strong>artes,</strong></span> <span class='ocrx_word' id='word_1_151' title='bbox 1287 2831 1362 2890; x_wconf 86' lang='lat' dir='ltr'><strong>quae</strong></span> <span class='ocrx_word' id='word_1_152' title='bbox 1376 2813 1415 2870; x_wconf 90' lang='lat' dir='ltr'><strong>ad</strong></span> 
     </span>
     <span class='ocr_line' id='line_1_26' title="bbox 343 2908 1414 2986; baseline 0.001 -20"><span class='ocrx_word' id='word_1_153' title='bbox 343 2908 552 2966; x_wconf 86' lang='lat' dir='ltr'><strong>humanitatem</strong></span> <span class='ocrx_word' id='word_1_154' title='bbox 579 2909 745 2986; x_wconf 88' lang='lat' dir='ltr'><strong>pertineant</strong></span> <span class='ocrx_word' id='word_1_155' title='bbox 766 2908 873 2967; x_wconf 83' lang='lat' dir='ltr'><strong>habere</strong></span> <span class='ocrx_word' id='word_1_156' title='bbox 898 2909 1046 2986; x_wconf 89' lang='lat' dir='ltr'><strong>quoddam</strong></span> <span class='ocrx_word' id='word_1_157' title='bbox 1071 2928 1226 2967; x_wconf 89' lang='lat' dir='ltr'><strong>commune</strong></span> <span class='ocrx_word' id='word_1_158' title='bbox 1248 2909 1414 2967; x_wconf 83' lang='lat' dir='ltr'><strong>vinculuml</strong></span> 
     </span>
     <span class='ocr_line' id='line_1_27' title="bbox 347 3003 688 3086; baseline -0.003 -23"><span class='ocrx_word' id='word_1_159' title='bbox 347 3004 430 3086; x_wconf 91' lang='lat' dir='ltr'><strong>[Pro.</strong></span> <span class='ocrx_word' id='word_1_160' title='bbox 445 3004 545 3077; x_wconf 84' lang='lat' dir='ltr'><strong>Aroh.‚</strong></span> <span class='ocrx_word' id='word_1_161' title='bbox 560 3003 595 3085; x_wconf 91' lang='lat' dir='ltr'><strong>i.]</strong></span> <span class='ocrx_word' id='word_1_162' title='bbox 686 3011 688 3017; x_wconf 72' lang='lat'><strong><em>‘</em></strong></span> 
     </span>
    </p>

    <p class='ocr_par' dir='ltr' id='par_1_11' title="bbox 344 3087 1415 3278">
     <span class='ocr_line' id='line_1_28' title="bbox 408 3087 1415 3182; baseline 0.004 -25"><span class='ocrx_word' id='word_1_163' title='bbox 408 3100 615 3160; x_wconf 89' lang='lat' dir='ltr'><strong>B.—Memini.</strong></span> <span class='ocrx_word' id='word_1_164' title='bbox 659 3101 805 3180; x_wconf 82' lang='lat' dir='ltr'><strong>Legendis</strong></span> <span class='ocrx_word' id='word_1_165' title='bbox 834 3104 930 3182; x_wconf 89' lang='lat' dir='ltr'><strong>poetis</strong></span> <span class='ocrx_word' id='word_1_166' title='bbox 951 3087 1082 3161; x_wconf 89' lang='lat' dir='ltr'><strong>animum</strong></span> <span class='ocrx_word' id='word_1_167' title='bbox 1102 3123 1138 3161; x_wconf 84' lang='lat' dir='ltr'><strong>ex</strong></span> <span class='ocrx_word' id='word_1_168' title='bbox 1159 3103 1268 3161; x_wconf 81' lang='lat' dir='ltr'><strong>lorensi</strong></span> <span class='ocrx_word' id='word_1_169' title='bbox 1290 3103 1415 3180; x_wconf 85' lang='lat' dir='ltr'><strong>strepitu</strong></span> 
     </span>
     <span class='ocr_line' id='line_1_29' title="bbox 344 3196 1078 3278; baseline 0.004 -23"><span class='ocrx_word' id='word_1_170' title='bbox 344 3196 424 3255; x_wconf 85' lang='lat' dir='ltr'><strong>refici</strong></span> <span class='ocrx_word' id='word_1_171' title='bbox 439 3205 566 3256; x_wconf 82' lang='lat' dir='ltr'><strong>stauros</strong></span> <span class='ocrx_word' id='word_1_172' title='bbox 580 3199 709 3256; x_wconf 90' lang='lat' dir='ltr'><strong>convitio</strong></span> <span class='ocrx_word' id='word_1_173' title='bbox 725 3199 852 3257; x_wconf 82' lang='lat' dir='ltr'><strong>defessas</strong></span> <span class='ocrx_word' id='word_1_174' title='bbox 866 3201 1078 3278; x_wconf 86' lang='lat' dir='ltr'><strong>conquiescere.</strong></span> 
     </span>
    </p>

    <p class='ocr_par' dir='ltr' id='par_1_12' title="bbox 344 3293 1416 3568">
     <span class='ocr_line' id='line_1_30' title="bbox 405 3293 1416 3374; baseline 0.001 -23"><span class='ocrx_word' id='word_1_175' title='bbox 405 3293 576 3352; x_wconf 82' lang='lat' dir='ltr'><strong>A.—Reote</strong></span> <span class='ocrx_word' id='word_1_176' title='bbox 594 3295 686 3368; x_wconf 88' lang='lat' dir='ltr'><strong>dicis;</strong></span> <span class='ocrx_word' id='word_1_177' title='bbox 708 3294 906 3363; x_wconf 84' lang='lat' dir='ltr'><strong>Quintilianus</strong></span> <span class='ocrx_word' id='word_1_178' title='bbox 926 3304 1023 3356; x_wconf 88' lang='lat' dir='ltr'><strong>autem</strong></span> <span class='ocrx_word' id='word_1_179' title='bbox 1044 3305 1155 3367; x_wconf 86' lang='lat' dir='ltr'><strong>monet,</strong></span> <span class='ocrx_word' id='word_1_180' title='bbox 1171 3315 1228 3354; x_wconf 88' lang='lat' dir='ltr'><strong>non</strong></span> <span class='ocrx_word' id='word_1_181' title='bbox 1250 3315 1304 3374; x_wconf 86' lang='lat' dir='ltr'><strong>per</strong></span> <span class='ocrx_word' id='word_1_182' title='bbox 1318 3295 1416 3354; x_wconf 88' lang='lat' dir='ltr'><strong>omnia</strong></span> 
     </span>
     <span class='ocr_line' id='line_1_31' title="bbox 344 3391 1416 3470; baseline 0 -20"><span class='ocrx_word' id='word_1_183' title='bbox 344 3398 446 3470; x_wconf 86' lang='lat' dir='ltr'><strong>poetas</strong></span> <span class='ocrx_word' id='word_1_184' title='bbox 468 3410 529 3450; x_wconf 85' lang='lat' dir='ltr'><strong>esse</strong></span> <span class='ocrx_word' id='word_1_185' title='bbox 552 3391 660 3449; x_wconf 88' lang='lat' dir='ltr'><strong>oratori</strong></span> <span class='ocrx_word' id='word_1_186' title='bbox 684 3393 857 3470; x_wconf 87' lang='lat' dir='ltr'><strong>sequendos.</strong></span> <span class='ocrx_word' id='word_1_187' title='bbox 900 3393 970 3452; x_wconf 90' lang='lat' dir='ltr'><strong>Non</strong></span> <span class='ocrx_word' id='word_1_188' title='bbox 991 3395 1096 3452; x_wconf 86' lang='lat' dir='ltr'><strong>decere</strong></span> <span class='ocrx_word' id='word_1_189' title='bbox 1117 3400 1262 3451; x_wconf 87' lang='lat' dir='ltr'><strong>oratorem</strong></span> <span class='ocrx_word' id='word_1_190' title='bbox 1280 3392 1416 3450; x_wconf 85' lang='lat' dir='ltr'><strong>libertate</strong></span> 
     </span>
     <span class='ocr_line' id='line_1_32' title="bbox 345 3487 1101 3568; baseline 0.004 -23"><span class='ocrx_word' id='word_1_191' title='bbox 345 3487 498 3546; x_wconf 89' lang='lat' dir='ltr'><strong>verborum</strong></span> <span class='ocrx_word' id='word_1_192' title='bbox 513 3496 544 3546; x_wconf 89' lang='lat' dir='ltr'><strong>et</strong></span> <span class='ocrx_word' id='word_1_193' title='bbox 556 3488 675 3546; x_wconf 88' lang='lat' dir='ltr'><strong>licentia</strong></span> <span class='ocrx_word' id='word_1_194' title='bbox 688 3487 848 3568; x_wconf 82' lang='lat' dir='ltr'><strong>figurarum</strong></span> <span class='ocrx_word' id='word_1_195' title='bbox 862 3491 914 3563; x_wconf 85' lang='lat' dir='ltr'><strong>uti,</strong></span> <span class='ocrx_word' id='word_1_196' title='bbox 929 3498 962 3550; x_wconf 89' lang='lat' dir='ltr'><strong>ut</strong></span> <span class='ocrx_word' id='word_1_197' title='bbox 975 3498 1101 3568; x_wconf 87' lang='lat' dir='ltr'><strong>poetam.</strong></span> 
     </span>
    </p>

    <p class='ocr_par' dir='ltr' id='par_1_13' title="bbox 405 3584 1315 3664">
     <span class='ocr_line' id='line_1_33' title="bbox 405 3584 1315 3664; baseline 0 -22"><span class='ocrx_word' id='word_1_198' title='bbox 405 3584 591 3643; x_wconf 86' lang='lat' dir='ltr'><strong>B.-Nonne</strong></span> <span class='ocrx_word' id='word_1_199' title='bbox 606 3585 643 3643; x_wconf 89' lang='lat' dir='ltr'><strong>de</strong></span> <span class='ocrx_word' id='word_1_200' title='bbox 657 3585 781 3663; x_wconf 82' lang='lat' dir='ltr'><strong>singulis</strong></span> <span class='ocrx_word' id='word_1_201' title='bbox 795 3586 933 3664; x_wconf 86' lang='lat' dir='ltr'><strong>loquitur,</strong></span> <span class='ocrx_word' id='word_1_202' title='bbox 947 3587 999 3664; x_wconf 92' lang='lat' dir='ltr'><strong>qui</strong></span> <span class='ocrx_word' id='word_1_203' title='bbox 1012 3587 1122 3644; x_wconf 85' lang='lat' dir='ltr'><strong>oratori</strong></span> <span class='ocrx_word' id='word_1_204' title='bbox 1135 3586 1216 3644; x_wconf 91' lang='lat' dir='ltr'><strong>utilis</strong></span> <span class='ocrx_word' id='word_1_205' title='bbox 1229 3587 1315 3643; x_wconf 73' lang='lat' dir='ltr'><strong>suut!</strong></span> 
     </span>
    </p>

    <p class='ocr_par' dir='ltr' id='par_1_14' title="bbox 262 3680 1415 3858">
     <span class='ocr_line' id='line_1_34' title="bbox 406 3680 1415 3760; baseline -0.001 -21"><span class='ocrx_word' id='word_1_206' title='bbox 406 3680 592 3759; x_wconf 85' lang='lat' dir='ltr'><strong>A.-Coepit</strong></span> <span class='ocrx_word' id='word_1_207' title='bbox 605 3680 642 3738; x_wconf 93' lang='lat' dir='ltr'><strong>ab</strong></span> <span class='ocrx_word' id='word_1_208' title='bbox 656 3681 800 3754; x_wconf 88' lang='lat' dir='ltr'><strong>Homero,</strong></span> <span class='ocrx_word' id='word_1_209' title='bbox 811 3690 846 3741; x_wconf 87' lang='lat' dir='ltr'><strong>ut</strong></span> <span class='ocrx_word' id='word_1_210' title='bbox 856 3683 964 3741; x_wconf 85' lang='lat' dir='ltr'><strong>Aratus</strong></span> <span class='ocrx_word' id='word_1_211' title='bbox 977 3703 996 3742; x_wconf 92' lang='lat' dir='ltr'><strong>a</strong></span> <span class='ocrx_word' id='word_1_212' title='bbox 1007 3682 1026 3741; x_wconf 86' lang='lat' dir='ltr'>J</span> <span class='ocrx_word' id='word_1_213' title='bbox 1028 3703 1083 3742; x_wconf 89' lang='lat' dir='ltr'><strong>ove</strong></span> <span class='ocrx_word' id='word_1_214' title='bbox 1096 3683 1300 3760; x_wconf 88' lang='lat' dir='ltr'><strong>incipiendum</strong></span> <span class='ocrx_word' id='word_1_215' title='bbox 1315 3687 1415 3760; x_wconf 81' lang='lat' dir='ltr'><strong>putat3</strong></span> 
     </span>
     <span class='ocr_line' id='line_1_35' title="bbox 262 3777 1393 3858; baseline 0.002 -24"><span class='ocrx_word' id='word_1_216' title='bbox 262 3829 270 3834; x_wconf 85' lang='lat'><strong>.</strong></span> <span class='ocrx_word' id='word_1_217' title='bbox 348 3778 425 3838; x_wconf 90' lang='lat' dir='ltr'><strong>huno</strong></span> <span class='ocrx_word' id='word_1_218' title='bbox 440 3778 574 3836; x_wconf 85' lang='lat' dir='ltr'><strong>omnibus</strong></span> <span class='ocrx_word' id='word_1_219' title='bbox 588 3777 772 3856; x_wconf 84' lang='lat' dir='ltr'><strong>eloquentiae</strong></span> <span class='ocrx_word' id='word_1_220' title='bbox 786 3779 918 3858; x_wconf 84' lang='lat' dir='ltr'><strong>partibus</strong></span> <span class='ocrx_word' id='word_1_221' title='bbox 932 3780 1098 3858; x_wconf 84' lang='lat' dir='ltr'><strong>exemplum</strong></span> <span class='ocrx_word' id='word_1_222' title='bbox 1113 3787 1143 3838; x_wconf 93' lang='lat' dir='ltr'><strong>et</strong></span> <span class='ocrx_word' id='word_1_223' title='bbox 1156 3788 1254 3837; x_wconf 86' lang='lat' dir='ltr'><strong>ortum</strong></span> <span class='ocrx_word' id='word_1_224' title='bbox 1269 3779 1393 3836; x_wconf 81' lang='lat' dir='ltr'><strong>dedisse</strong></span> 
     </span>
    </p>

    <p class='ocr_par' dir='ltr' id='par_1_15' title="bbox 406 3874 1060 3935">
     <span class='ocr_line' id='line_1_36' title="bbox 406 3874 1060 3935; baseline 0.005 -3"><span class='ocrx_word' id='word_1_225' title='bbox 406 3874 592 3934; x_wconf 85' lang='lat' dir='ltr'><strong>B.-Nonne</strong></span> <span class='ocrx_word' id='word_1_226' title='bbox 607 3875 750 3934; x_wconf 88' lang='lat' dir='ltr'><strong>Horatius</strong></span> <span class='ocrx_word' id='word_1_227' title='bbox 763 3877 928 3935; x_wconf 86' lang='lat' dir='ltr'><strong>Homerum</strong></span> <span class='ocrx_word' id='word_1_228' title='bbox 941 3876 1060 3935; x_wconf 75' lang='lat' dir='ltr'><strong>laudati</strong></span> 
     </span>
    </p>

    <p class='ocr_par' dir='ltr' id='par_1_16' title="bbox 346 3971 1476 4340">
     <span class='ocr_line' id='line_1_37' title="bbox 407 3971 1418 4053; baseline 0 -25"><span class='ocrx_word' id='word_1_229' title='bbox 407 3971 570 4029; x_wconf 74' lang='lat' dir='ltr'><strong>A,—Dicit</strong></span> <span class='ocrx_word' id='word_1_230' title='bbox 583 3991 648 4029; x_wconf 86' lang='lat' dir='ltr'><strong>eum</strong></span> <span class='ocrx_word' id='word_1_231' title='bbox 664 3971 704 4029; x_wconf 92' lang='lat' dir='ltr'><strong>nil</strong></span> <span class='ocrx_word' id='word_1_232' title='bbox 720 3972 818 4031; x_wconf 82' lang='lat' dir='ltr'><strong>moliri</strong></span> <span class='ocrx_word' id='word_1_233' title='bbox 832 3973 930 4052; x_wconf 86' lang='lat' dir='ltr'><strong>inepte</strong></span> <span class='ocrx_word' id='word_1_234' title='bbox 946 3971 997 4053; x_wconf 89' lang='lat' dir='ltr'><strong>(A.</strong></span> <span class='ocrx_word' id='word_1_235' title='bbox 1013 3973 1058 4045; x_wconf 72' lang='lat' dir='ltr'><strong>P„</strong></span> <span class='ocrx_word' id='word_1_236' title='bbox 1076 3971 1158 4052; x_wconf 82' lang='lat'>140).</span> <span class='ocrx_word' id='word_1_237' title='bbox 1194 3971 1307 4030; x_wconf 88' lang='lat' dir='ltr'><strong>Versus</strong></span> <span class='ocrx_word' id='word_1_238' title='bbox 1321 3971 1418 4048; x_wconf 88' lang='lat' dir='ltr'><strong>Odys·</strong></span> 
     </span>
     <span class='ocr_line' id='line_1_38' title="bbox 346 4067 1418 4148; baseline -0.001 -22"><span class='ocrx_word' id='word_1_239' title='bbox 346 4088 412 4127; x_wconf 82' lang='lat' dir='ltr'><strong>sese</strong></span> <span class='ocrx_word' id='word_1_240' title='bbox 433 4069 513 4140; x_wconf 81' lang='lat' dir='ltr'><strong>citat,</strong></span> <span class='ocrx_word' id='word_1_241' title='bbox 529 4068 634 4146; x_wconf 86' lang='lat' dir='ltr'><strong>quibus</strong></span> <span class='ocrx_word' id='word_1_242' title='bbox 655 4069 770 4128; x_wconf 88' lang='lat' dir='ltr'><strong>Musam</strong></span> <span class='ocrx_word' id='word_1_243' title='bbox 794 4071 917 4129; x_wconf 82' lang='lat' dir='ltr'><strong>invocat</strong></span> <span class='ocrx_word' id='word_1_244' title='bbox 960 4069 1027 4128; x_wconf 88' lang='lat' dir='ltr'><strong>Non</strong></span> <span class='ocrx_word' id='word_1_245' title='bbox 1051 4069 1192 4148; x_wconf 86' lang='lat' dir='ltr'><strong>polliceri,</strong></span> <span class='ocrx_word' id='word_1_246' title='bbox 1206 4069 1297 4126; x_wconf 92' lang='lat' dir='ltr'><strong>modo</strong></span> <span class='ocrx_word' id='word_1_247' title='bbox 1320 4067 1418 4146; x_wconf 83' lang='lat' dir='ltr'><strong>Cycli-</strong></span> 
     </span>
     <span class='ocr_line' id='line_1_39' title="bbox 346 4164 1476 4245; baseline 0.004 -21"><span class='ocrx_word' id='word_1_248' title='bbox 346 4185 446 4224; x_wconf 88' lang='lat' dir='ltr'><strong>oorum</strong></span> <span class='ocrx_word' id='word_1_249' title='bbox 470 4185 500 4224; x_wconf 89' lang='lat' dir='ltr'><strong>se</strong></span> <span class='ocrx_word' id='word_1_250' title='bbox 522 4185 627 4244; x_wconf 83' lang='lat' dir='ltr'><strong>magna</strong></span> <span class='ocrx_word' id='word_1_251' title='bbox 648 4165 832 4245; x_wconf 88' lang='lat' dir='ltr'><strong>illustriaque</strong></span> <span class='ocrx_word' id='word_1_252' title='bbox 854 4174 1052 4240; x_wconf 66' lang='lat' dir='ltr'><strong>cantaturum</strong></span> <span class='ocrx_word' id='word_1_253' title='bbox 1073 4166 1193 4245; x_wconf 85' lang='lat' dir='ltr'><strong>precari,</strong></span> <span class='ocrx_word' id='word_1_254' title='bbox 1209 4175 1243 4222; x_wconf 87' lang='lat' dir='ltr'><strong>ut</strong></span> <span class='ocrx_word' id='word_1_255' title='bbox 1262 4166 1347 4223; x_wconf 87' lang='lat' dir='ltr'><strong>Musa</strong></span> <span class='ocrx_word' id='word_1_256' title='bbox 1359 4164 1428 4223; x_wconf 66' lang='lat' dir='ltr'><strong>libs</strong></span> <span class='ocrx_word' id='word_1_257' title='bbox 1473 4225 1476 4228; x_wconf 15' lang='grc' dir='ltr'><em>Α</em></span> 
     </span>
     <span class='ocr_line' id='line_1_40' title="bbox 348 4261 1416 4340; baseline 0.001 -22"><span class='ocrx_word' id='word_1_258' title='bbox 348 4262 443 4320; x_wconf 85' lang='lat' dir='ltr'><strong>virum</strong></span> <span class='ocrx_word' id='word_1_259' title='bbox 467 4262 555 4334; x_wconf 84' lang='lat' dir='ltr'><strong>dicat,</strong></span> <span class='ocrx_word' id='word_1_260' title='bbox 577 4263 628 4340; x_wconf 92' lang='lat' dir='ltr'><strong>qui</strong></span> <span class='ocrx_word' id='word_1_261' title='bbox 653 4281 749 4322; x_wconf 88' lang='lat' dir='ltr'><strong>mores</strong></span> <span class='ocrx_word' id='word_1_262' title='bbox 773 4271 804 4322; x_wconf 91' lang='lat' dir='ltr'><strong>et</strong></span> <span class='ocrx_word' id='word_1_263' title='bbox 827 4264 914 4322; x_wconf 90' lang='lat' dir='ltr'><strong>urbes</strong></span> <span class='ocrx_word' id='word_1_264' title='bbox 937 4263 1090 4322; x_wconf 89' lang='lat' dir='ltr'><strong>hominum</strong></span> <span class='ocrx_word' id='word_1_265' title='bbox 1115 4263 1274 4321; x_wconf 90' lang='lat' dir='ltr'><strong>multorum</strong></span> <span class='ocrx_word' id='word_1_266' title='bbox 1299 4261 1416 4320; x_wconf 76' lang='lat' dir='ltr'><strong>viderit</strong></span> 
     </span>
    </p>
   </div>
   <div class='ocr_carea' id='block_1_5' title="bbox 0 0 1680 5109">
    <p class='ocr_par' dir='ltr' id='par_1_17' title="bbox 0 0 1680 5109">
     <span class='ocr_line' id='line_1_41' title="bbox 0 0 1680 5109; baseline 0 0"><span class='ocrx_word' id='word_1_267' title='bbox 0 0 1680 5109; x_wconf 95' lang='lat' dir='ltr'><strong> </strong></span> 
     </span>
    </p>
   </div>
  </div>
 </body>
</html>
