3334 5109
659 393 686 441 1
701 391 803 444 90
1532 393 1741 444 LATI
1755 394 1814 445 N
1827 394 1901 446 E.

639 558 962 617 bei-nacula
987 561 1072 618 rei
1100 559 1370 637 publicae
1397 561 1772 619 tenebamus:
1816 581 2062 638 magnus
2084 559 2247 618 loeus
2268 559 2791 638 philosophiaeque

646 657 939 734 proprius,
973 675 1009 712 a
1049 655 1313 727 Platone,
1344 655 1682 729 Aristotele,
1712 657 2119 735 Theophrasto
2166 663 2407 733 totaque
2448 655 2794 733 Peripateti·

650 770 854 809 eorum
905 751 1133 808 familia
1175 759 1457 810 tractatus
1503 753 1810 812 uberrime.
1897 754 2048 810 Nam
2078 752 2223 830 quid
2251 770 2363 829 ego
2392 749 2467 810 de
2512 748 2793 810 Conuols-

642 847 820 907 tione
850 848 1083 906 dicam?
1165 867 1313 927 quae
1341 849 1486 906 mihi
1518 851 1755 927 quidem
1785 851 1899 929 ipsi
1932 869 2069 907 sane
2111 849 2475 925 aliquantum
2506 847 2791 916 medetur,

649 946 861 1003 ceteris
910 945 1070 1003 idem
1119 944 1368 1004 multum
1418 946 1573 1004 illam
1625 948 1989 1024 profuturam
2048 953 2210 1023 puto.
2299 943 2648 1003 Interiectus
2702 952 2794 1002 est

640 1043 828 1100 etiam
877 1060 1065 1119 nuper
1108 1042 1257 1101 liber
1299 1044 1366 1115 is,
1399 1062 1572 1121 quem
1614 1045 1688 1102 ad
1737 1053 1999 1102 nostrum
2043 1043 2313 1101 Atticum
2354 1041 2431 1102 do
2474 1043 2792 1101 aneotuts

646 1138 952 1210 misimus3
996 1138 1059 1195 in
1086 1139 1425 1217 primisque,
1458 1141 1733 1218 quoniam
1779 1139 2155 1219 philosophis
2196 1139 2286 1196 vir
2325 1138 2516 1197 bonus
2542 1137 2794 1196 efficitur

642 1243 710 1293 et
737 1235 929 1307 fortis,
960 1232 1112 1295 Cato
1156 1243 1356 1294 noster
1398 1237 1456 1293 in
1502 1236 1714 1295 horum
1756 1237 2032 1295 librorum
2065 1255 2308 1295 numero
2336 1236 2643 1314 ponendus
2683 1242 2791 1293 est.

641 1332 918 1409 Cumque
947 1331 1314 1405 Aristoteles,
1344 1335 1605 1412 itemque
1640 1334 2094 1412 Theophrastus,
2125 1333 2479 1391 excellentes
2506 1332 2615 1389 viri
2656 1351 2791 1389 eum

649 1427 976 1487 subtilitate
1021 1435 1148 1487 tum
1193 1450 1382 1509 copia,
1414 1451 1544 1489 oum
1593 1431 1966 1509 philosophia
2005 1430 2246 1489 dicendi
2275 1430 2453 1488 etiam
2485 1436 2795 1507 praecepta

648 1525 1076 1598 coniunxerint,
1122 1528 1307 1586 nostri
1352 1546 1587 1606 quoque
1633 1528 1873 1585 oratorii
1921 1526 2053 1584 libri
2101 1528 2160 1584 in
2212 1527 2465 1585 eundem
2509 1524 2791 1583 librorum

651 1642 958 1680 numerum
986 1623 1272 1682 referendi
1305 1625 1607 1683 videntur:
1652 1627 1736 1682 ita
1763 1632 1880 1683 tres
1918 1631 2087 1682 erunt
2129 1623 2204 1683 (le
2247 1623 2520 1695 Oratore,
2554 1628 2792 1700 quartus

648 1718 896 1792 Brutus,
929 1720 1168 1797 quintus
1197 1719 1433 1783 Orator.
1525 1721 1644 1801 (De
1675 1722 1854 1780 divin.
1886 1728 1920 1778 2
1952 1720 1987 1799 ξ
2021 1718 2224 1799 1-4.)

1612 1823 1827 1892 [Finis]

1147 3707 1423 3766 Hesterni
1447 3706 1561 3764 tibi
1589 3705 1863 3762 sordeant
1887 3722 2113 3761 amores

1145 3806 1549 3883 Crastinique:
1590 3802 1876 3861 hodierna
1901 3801 2114 3859 amoris
2140 3799 2289 3858 hora
2314 3806 2419 3857 est.

1145 3900 1320 3971 Quod
1346 3901 1607 3979 juramur
1630 3899 1845 3957 amoris
1871 3899 2209 3955 invocantes

1147 4000 1398 4072 Numen,
1431 3996 1654 4069 Lesbia,
1683 3995 2048 4072 dexterisque
2075 3992 2295 4070 junctis

1148 4096 1247 4155 Sio
1274 4096 1429 4154 laeta
1457 4092 1630 4152 simul
1655 4092 1766 4151 hae
1792 4091 2047 4150 fruemur
2072 4089 2233 4149 hora.

1168 4266 1500 4315 musti-stione
1535 4263 1675 4341 view
1696 4263 1753 4312 of
1786 4261 1884 4310 Via
1903 4261 2093 4326 Appia,
2116 4275 2166 4322 p.
2195 4262 2289 4307 196
