3334 5109
688 413 832 464 LATIN
840 415 879 467 E.
1246 414 1312 466 101

237 577 308 636 And
322 598 375 656 pro
391 578 500 651 Plano,
517 578 535 659 ξ
548 584 586 636 64
599 597 606 637 :
623 579 652 638 N
653 600 692 637 ou
707 599 808 638 vereor
823 581 860 638 n'e
874 581 941 658 quis
954 581 1060 638 audeat
1074 580 1172 638 dicere
1186 580 1273 638 ullius
1288 581 1318 638 iu

238 675 339 734 Sicilia
354 684 540 754 quaesturam
563 684 615 734 aut
635 676 788 735 clariorem
810 684 861 734 aut
874 679 1032 754 gratiorem
1048 678 1146 734 luisse.
1189 697 1257 735 vere
1271 697 1318 735 me

238 773 356 831 hercule
380 773 437 832 hoc
462 773 579 832 dicam:
602 774 645 832 sic
667 782 730 831 tum
752 773 966 846 existimabam,
984 774 1056 830 nihil
1078 774 1212 832 homines
1237 773 1317 831 aliud

238 870 350 928 Romae
366 871 422 928 nisi
438 871 475 928 de
496 878 654 949 quaestura
675 890 741 928 mea
761 871 852 948 loqui.
896 871 1047 928 Frumenti
1069 871 1098 927 in
1120 890 1234 928 summa
1248 871 1318 928 cari-

237 974 297 1026 tate
326 968 488 1024 maximum
510 987 666 1025 numerum
687 967 841 1040 miseram;
864 967 1097 1046 negotiatoribus
1119 968 1219 1039 comis,
1244 987 1324 1025 mer--

237 1064 386 1122 catoribus
407 1064 510 1135 iustus,
527 1063 713 1142 mancipibus
735 1063 872 1136 liberalis,
888 1065 975 1121 sociis
997 1063 1154 1136 abstinens,
1178 1064 1316 1122 omuibus

237 1181 317 1219 eram
341 1161 420 1218 visus
445 1161 476 1218 iu
500 1161 583 1219 omui
605 1159 702 1218 officio
729 1160 991 1238 diligentissimum
1013 1160 1172 1238 excogitati
1197 1160 1316 1238 quidam

238 1266 321 1316 eraut
335 1277 353 1314 a
367 1256 474 1316 Siculis
488 1258 617 1316 honores
638 1258 669 1314 iu
691 1275 738 1313 mc
759 1256 896 1315 inauditi.
940 1257 1042 1334 Itaque
1062 1256 1116 1314 hac
1130 1275 1181 1334 spe
1196 1256 1318 1314 decede

236 1354 314 1426 bam,
330 1363 364 1412 ut
383 1355 457 1412 mihi
481 1355 626 1433 populum
651 1353 818 1411 Romanum
842 1353 920 1411 ultro
942 1355 1043 1410 omnia
1056 1353 1220 1411 delaturum
1235 1360 1317 1430 puta-

237 1471 306 1509 rem.
350 1451 393 1509 At
418 1472 475 1530 ego
500 1471 568 1510 cum
591 1471 660 1510 casu
683 1450 788 1526 diebus
813 1452 856 1508 eis
878 1451 991 1508 itineris
1014 1451 1139 1508 faciendi
1162 1470 1248 1508 causa
1268 1451 1317 1509 de-

237 1549 345 1607 cedens
368 1567 384 1606 c
409 1549 562 1626 provincia
593 1549 735 1607 Puteolos
764 1548 839 1606 forte
870 1549 1024 1620 venissem,
1047 1567 1112 1605 cum
1144 1547 1261 1625 plurimi
1286 1553 1316 1604 et

236 1645 391 1703 lautissimi
417 1645 448 1702 in
471 1645 514 1703 eis
539 1645 613 1703 locis
636 1645 733 1703 solent
757 1664 828 1715 esse,
853 1645 970 1702 concidi
993 1665 1093 1722 paene,
1117 1664 1183 1702 cum
1209 1663 1245 1701 ex
1270 1663 1322 1701 me:

237 1742 359 1820 quidam
374 1742 543 1820 quaesisset,
561 1761 620 1819 quo
635 1743 684 1800 die
699 1741 795 1799 Roma
816 1742 940 1800 exissem
955 1750 985 1799 et
999 1761 1068 1798 num
1084 1742 1225 1819 quidnam
1240 1748 1323 1798 esset.

236 1841 313 1898 novi.
357 1839 405 1897 cui
426 1859 493 1896 cum
515 1839 743 1916 respondissem,
758 1858 806 1896 me
821 1857 837 1895 e
852 1840 1002 1916 provincia
1016 1839 1175 1897 decedere:
1199 1838 1314 1895 ‘Etiam

236 1956 284 1994 me
306 1935 443 2008 hercule,‘
459 1937 565 2013 iuquit,
582 1942 635 1993 ‘ut
658 1937 772 2014 opinor,
794 1955 830 1993 ex
846 1935 946 1992 Africa
954 1936 970 1994 '.
1013 1937 1081 1994 huic
1102 1955 1157 2013 ego
1179 1936 1237 1993 iam
1259 1943 1316 1992 stc

237 2033 376 2091 machaus
390 2033 564 2092 fastidiose:
588 2024 712 2091 “Immo
728 2053 764 2091 ex
779 2031 882 2090 Sicilia
891 2032 919 2102 ’',
935 2033 1062 2110 iuquam.
1105 2040 1168 2090 tum
1184 2032 1314 2109 quidam,

237 2131 321 2208 quasi
337 2131 389 2208 qul
404 2129 504 2187 omnia
518 2130 625 2188 sciret:
649 2129 770 2198 ‘Quidl
790 2137 824 2187 tu
839 2129 969 2187 uescisl'
984 2129 1088 2206 inquit,
1106 2130 1200 2186 ‘hunc
1216 2148 1316 2206 quaes-

236 2235 332 2286 torem
346 2227 499 2306 Syracusis
513 2227 640 2286 fuissel’
683 2227 763 2296 Quid
783 2227 897 2286 multat
919 2227 1019 2285 destiti
1034 2227 1210 2285 stomachari
1225 2234 1255 2284 et
1268 2246 1314 2284 me

236 2343 328 2382 unum
342 2345 379 2383 ex
393 2325 437 2383 eis
457 2323 522 2396 feci,
538 2325 590 2402 qui
611 2324 650 2382 ad
671 2343 761 2402 aquas
781 2325 939 2384 venisseut.
981 2324 1039 2382 Sed
1053 2344 1087 2382 ea
1100 2344 1146 2382 res
1159 2324 1239 2381 haud
1253 2324 1314 2381 scio

235 2441 273 2478 an
287 2422 354 2500 plus
369 2422 443 2480 mihi
457 2422 613 2501 profuerit,
630 2441 718 2500 quam
733 2422 759 2480 si
773 2421 847 2478 mihi
862 2428 926 2479 tum
941 2431 1038 2479 essent
1051 2441 1153 2479 omues
1167 2421 1312 2498 gratulati.

235 2517 314 2576 Nam
325 2525 431 2596 postea
444 2538 533 2596 quam
555 2519 633 2577 sensi
654 2519 758 2596 populi
779 2519 907 2577 Romani
928 2521 1004 2576 auris
1024 2518 1197 2590 hebetiores,
1213 2518 1322 2576 oculos-

235 2623 332 2674 autem
347 2635 411 2674 esse
425 2617 500 2674 acris
514 2623 603 2694 atque
618 2623 730 2689 acutos,
746 2617 848 2674 destiti
869 2615 941 2694 quid
963 2616 1000 2673 de
1014 2635 1061 2673 me
1076 2615 1203 2672 audituri
1218 2623 1314 2672 esseut

235 2713 370 2772 homiues
385 2714 532 2792 cogitare3
554 2714 614 2772 feci
628 2721 662 2772 ut
674 2721 779 2793 postea
792 2713 902 2772 cotidie
918 2721 1097 2792 praesentem
1113 2733 1160 2770 me
1171 2713 1312 2785 viderent,

235 2810 367 2868 habitavi
380 2810 412 2868 in
427 2810 528 2884 oculis,
543 2812 638 2890 pressi
652 2811 757 2884 forum,
772 2811 921 2868 nemiuem
937 2831 955 2868 a
968 2830 1126 2888 congressu
1141 2829 1206 2868 meo
1218 2829 1312 2887 neque

233 2907 342 2965 ianitor
366 2927 449 2965 meus
471 2927 568 2986 neque
592 2928 713 2966 somnus
735 2908 901 2966 absterruit.
944 2907 1058 2985 Ecquid
1078 2926 1132 2984 ego
1155 2907 1250 2964 dicam
1275 2907 1312 2964 de

235 3004 386 3082 occupatis
399 3006 474 3064 rucis
488 3005 682 3083 temporibus,
697 3006 744 3063 cui
766 3005 854 3063 fuerit
874 3024 912 3062 ue
933 3005 1025 3063 otium
1041 3004 1158 3082 quidem
1173 3023 1312 3081 umquam

234 3101 383 3160 otiosuml
404 3120 472 3159 nam
487 3121 560 3180 quas
574 3109 608 3160 tu
623 3121 843 3174 commemoras,
865 3101 957 3173 Cassi,
978 3101 1075 3179 legere
1095 3109 1124 3158 te
1146 3101 1238 3158 solere
1251 3119 1323 3158 ora»

234 3197 339 3271 tiones,
354 3217 423 3257 cum
437 3199 550 3256 otiosus
564 3199 613 3270 sis,
629 3195 688 3256 has'
703 3219 760 3278 ego
781 3199 884 3277 scripsi
904 3199 982 3256 ludis
996 3207 1026 3256 ct
1040 3198 1125 3269 feriis,
1141 3218 1177 3256 ne
1192 3199 1321 3256 omniuo

234 3311 374 3372 umquam
389 3314 483 3354 essem
498 3294 636 3374 otiosus.)

545 3421 669 3490 [adepta
679 3423 989 3491 &mammem-l

232 3525 366 3570 nvom

285 3630 307 3678 1.
325 3628 494 3692 Amphibolia

283 3709 373 3760 “Num
383 3711 442 3772 quis
453 3717 541 3774 peccat
553 3711 597 3773 qui
608 3717 706 3774 patrem
717 3728 790 3760 mum
801 3715 894 3761 necat?
902 3713 918 3736 ’'

283 3795 306 3842 2.
324 3793 454 3857 Aenigma

284 3875 379 3924 “Mitto
390 3877 439 3925 tibi
448 3891 539 3926 narem
550 3891 626 3939 prora
636 3876 766 3940 puppique
777 3877 929 3926 carentem.‘'

284 3959 307 4007 8.
324 3957 465 4024 Epanodos.

253 4107 256 4112 Ι
283 4038 420 4088 Monachus
432 4040 465 4090 ad
476 4039 610 4090 diabolum.

283 4121 381 4187 “Sigus
390 4123 514 4188 tevigna:
530 4129 626 4174 temere
637 4138 677 4174 me
688 4124 772 4188 tingis
782 4129 809 4173 et
820 4123 918 4188 angim'

283 4199 443 4268 [Hieromus
455 4219 571 4268 prorsum
583 4205 664 4276 lectus
671 4207 767 4282 ,iterum
778 4212 817 4257 est
828 4205 949 4271 legendus
960 4207 1116 4274 retrorsum]

1199 4280 1226 4330 F.
1244 4280 1286 4330 u.
