3334 5109
719 432 903 482 LATlNE.
1271 431 1346 483 219

320 584 384 663 (re.)
401 600 516 661 caasa,
529 600 601 660 nuru
615 599 697 659 amru,
710 613 815 659 quorum
832 586 955 659 septenus
971 597 1185 659 temperantiaque
1202 596 1345 658 inpurum

272 683 575 745 privatisquc,iorensibus
588 682 778 741 domesticisque
790 682 864 729 rebus
875 685 1020 743 perspectae
1031 686 1096 727 sunt
1131 678 1181 741 (De
1191 678 1246 742 lege
1257 694 1308 742 agr.
1321 682 1344 740 2,

272 761 293 826 i·
301 762 353 825 64·)

322 844 383 909 (17.)
400 845 496 895 'l'antus
514 852 567 895 erat
584 846 610 893 in
628 846 720 893 Catone
738 858 797 893 usus
817 844 853 891 rei
872 843 991 904 publicae,
1004 857 1079 903 quarn
1091 848 1117 891 et
1128 843 1194 891 domi
1205 850 1231 892 et
1242 844 1345 893 militiae

271 940 328 974 curn
340 928 434 990 optime
446 935 499 976 turn
512 928 587 977 etiam
599 929 736 976 diutissime
747 933 865 991 gesserat,
878 933 903 973 et
915 925 1003 973 modus
1015 926 1040 973 in
1057 925 1169 994 dicendo,
1181 931 1207 973 et
1223 926 1345 989 gravimte

272 1010 365 1058 mixtus
377 1011 454 1074 lepos,
467 1017 492 1059 et
510 1024 633 1057 summum
647 1008 686 1057 vel
703 1009 813 1057 discendi
831 1008 941 1056 studium
952 1006 992 1056 vel
1009 1008 1114 1056 docendi
1132 1014 1159 1056 et
1177 1009 1282 1057 orationi
1294 1010 1345 1057 rita

271 1092 405 1140 admodum
417 1106 564 1155 congruens.
600 1092 624 1139 ls
640 1092 720 1140 dicere
736 1091 840 1152 solebat,
853 1092 885 1139 ob
902 1090 967 1138 hanc
984 1105 1085 1138 causam
1102 1097 1228 1151 praestare
1245 1097 1345 1140 nostrae

269 1174 381 1222 civitatis
393 1179 487 1222 statum
500 1174 588 1222 ceteris
600 1174 749 1233 civitatibus,
757 1174 823 1234 quod
832 1174 858 1220 in
870 1173 917 1221 illis
929 1174 1020 1236 singuli
1029 1174 1137 1221 fuissent
1149 1173 1209 1232 fere,
1222 1173 1265 1233 qui
1274 1187 1344 1221 suam
1386 1179 1391 1188 '¹

271 1256 376 1317 quisque
389 1271 440 1305 rem
453 1256 579 1317 publicam
590 1257 778 1305 constituissent
789 1256 885 1319 legibus
899 1261 974 1315 atque
991 1256 1113 1303 institutis
1131 1255 1190 1316 suis,
1203 1260 1232 1302 ut
1243 1254 1343 1303 Oretum

270 1338 360 1400 Minos,
371 1338 622 1387 Lacedaemoniorum
635 1340 766 1401 Lycurgum,
779 1338 976 1398 Atheniensium,
988 1352 1053 1398 quae
1064 1350 1182 1400 persaepe
1194 1342 1345 1385 commutata

270 1427 345 1483 esset,
357 1427 412 1469 tum
423 1421 542 1482 Theseus,
554 1427 608 1468 turn
620 1420 707 1481 Draco,
720 1428 772 1467 tum
785 1420 849 1480 Solo,
862 1426 914 1467 tum
927 1420 1073 1481 Clisthenes,
1086 1427 1140 1467 tum
1158 1418 1230 1466 multi
1242 1418 1289 1480 alii,
1303 1433 1344 1480 po

270 1510 364 1553 stremo
376 1518 527 1567 exsanguem
539 1504 588 1551 iam
600 1510 626 1552 et
637 1504 758 1551 iacentem
769 1503 857 1551 doctus
870 1504 907 1549 vir
924 1502 1058 1550 Phalereus
1075 1507 1241 1550 sustentasset
1259 1501 1346 1550 Deme-

270 1585 341 1646 trius,
353 1590 440 1633 nostra
451 1590 534 1633 autem
547 1600 586 1633 res
604 1585 702 1647 publica
719 1599 769 1632 non
788 1586 861 1632 unius
879 1590 946 1632 esset
963 1585 1070 1647 ingenio,
1083 1584 1127 1631 sed
1145 1582 1286 1644 multomm,
1299 1598 1345 1631 nec

272 1683 323 1716 nna
333 1667 442 1716 hominis
454 1668 513 1728 vita,
526 1668 569 1716 sed
581 1668 675 1728 aliquot
686 1668 822 1715 constituta
833 1667 924 1715 seculis
935 1675 962 1715 et
978 1668 1110 1716 aetatibus.
1145 1668 1191 1728 (De
1203 1682 1229 1715 re
1240 1667 1307 1728 publ
1321 1669 1344 1727 2,

272 1747 290 1814 ἓ
305 1752 325 1811 l,
338 1765 362 1799 u.
376 1752 398 1799 2.
434 1750 473 1799 cf.
486 1748 529 1812 td,
548 1748 623 1815 §aaz
641 1750 713 1798 Nunc
732 1749 760 1797 fit
778 1748 839 1797 illud
856 1749 957 1797 Catonis
971 1751 1070 1811 certius,
1083 1764 1129 1797 nec
1140 1748 1259 1810 temporis
1272 1749 1345 1797 nnius

270 1846 318 1881 nec
329 1832 436 1881 hominis
448 1846 503 1881 esse
515 1833 716 1880 constitutionem
729 1832 763 1880 rei
775 1831 907 1895 publicae.)

320 1911 384 1977 (18.)
401 1914 569 1962 Gravissimus
581 1922 665 1961 auctor
683 1915 707 1960 in
725 1912 865 1976 Originibus
882 1913 944 1960 dixit
962 1914 1030 1972 Oete,
1043 1928 1137 1961 morem
1158 1912 1223 1975 apud
1239 1913 1344 1962 maiores

271 1994 339 2044 hunc
350 1995 479 2058 epularum
491 1996 613 2055 fuissent
622 1996 737 2057 deinceps
750 1996 792 2055 qui
804 1997 953 2044 accubarent
965 2001 1082 2044 canerent
1090 1995 1214 2043 adtibiam
1222 1995 1344 2043 claranum

270 2077 382 2126 uirorum
393 2076 479 2127 laudes
491 2084 567 2138 atque
578 2078 698 2138 virtutes3
715 2092 746 2125 ex
764 2092 812 2137 quo
829 2078 987 2139 perspicuum
1003 2084 1043 2125 est
1059 2084 1084 2126 et
1101 2084 1189 2125 cantus
1200 2083 1254 2124 tum
1265 2077 1344 2126 fuisse

271 2160 409 2223 descriptos
427 2175 516 2209 vocum
534 2160 602 2208 sonis
619 2166 644 2212 et
662 2160 777 2209 carmina.
811 2160 894 2223 (Tuae.
906 2164 929 2220 4,
949 2158 999 2223 §ia
1034 2159 1072 2209 cf.
1085 2158 1119 2208 id.
1134 2162 1155 2220 1,
1173 2156 1233 2224 §82
1257 2159 1302 2227 list
1317 2159 1344 2207 in

271 2243 421 2306 Originibus,
435 2243 521 2291 solitos
534 2257 588 2291 esse
600 2243 625 2290 in
643 2242 723 2304 epulis
742 2256 829 2289 canere
847 2243 964 2290 convivas
981 2242 1012 2289 ad
1030 2242 1156 2290 tibicinem
1174 2240 1341 2290 declararum

271 2325 400 2374 hominum
411 2326 555 2387 virtutibus,
568 2324 684 2374 honorem
702 2333 786 2374 tamen
804 2325 861 2373 huic
880 2326 964 2387 generi
982 2340 1031 2373 non
1048 2325 1128 2373 fuisse
1145 2324 1254 2372 declarat
1265 2322 1344 2371 oratio

271 2408 382 2470 Catonis,
394 2409 421 2457 in
433 2423 483 2469 qua
494 2409 585 2458 obiecit
597 2416 624 2456 ut
636 2412 753 2470 probrum
768 2409 797 2457 Μ.
811 2407 939 2468 Nobiliori,
948 2409 1014 2467 quod
1026 2408 1047 2456 is
1058 2408 1084 2455 in
1096 2407 1248 2469 provinciam
1255 2409 1344 2469 poetas

273 2491 391 2540 duxisset.
418 2490 476 2539 And
488 2490 566 2551 Brut,
580 2489 596 2553 ,ὅ
609 2490 655 2540 tt:
675 2490 775 2538 Utinam
787 2495 914 2537 exstarent
924 2487 967 2536 illa
978 2488 1094 2548 carmina,
1107 2503 1170 2548 quae
1181 2487 1266 2536 multis
1277 2502 1345 2536 secu-

271 2572 303 2621 lis
315 2579 373 2621 ante
384 2586 455 2621 suam
467 2578 573 2621 aetatem
586 2573 611 2619 in
623 2572 701 2634 epulis
718 2586 772 2621 esse
789 2577 888 2619 carrmta
908 2586 922 2617 a
940 2570 1043 2633 singulis
1060 2570 1171 2617 convivis
1182 2570 1213 2617 de
1224 2568 1345 2617 clarorum

272 2655 383 2703 virorum
394 2654 510 2702 laudibus
520 2654 547 2701 in
560 2653 701 2717 Originibus
713 2653 832 2716 scriptum
842 2652 940 2713 reliquit
952 2651 1033 2713 Cato.)

323 2733 387 2801 (19.)
404 2736 522 2785 Oatonern
543 2738 599 2797 quis
619 2743 757 2785 nostrorum
776 2742 907 2796 oratorum,
925 2734 1084 2795 quiquidem
1101 2748 1168 2781 nunc
1184 2738 1249 2794 sunt,
1267 2732 1346 2796 legit?

273 2824 317 2866 sut
328 2819 385 2879 quis
396 2820 467 2867 novit
478 2820 579 2868 omnino
590 2822 600 2867 i
618 2827 644 2867 at
655 2834 728 2879 quern
739 2819 827 2879 virum,
841 2818 865 2865 di
877 2817 951 2865 boni!
969 2816 1043 2863 mitto
1059 2816 1139 2864 civem
1151 2821 1194 2863 aut
1205 2820 1342 2863 senatorem

273 2905 318 2947 aut
334 2900 525 2962 imperatorem:
543 2906 664 2949 oratorem
682 2901 746 2948 enirn
766 2900 813 2948 hoc
833 2899 886 2947 loco
904 2898 1061 2959 quaerimus5
1078 2898 1135 2957 quis
1152 2896 1194 2944 illo
1210 2898 1309 2961 gravior
1319 2898 1346 2945 in

272 2981 417 3030 laudando?
435 2982 546 3030 acerbior
557 2982 583 3030 in
597 2983 777 3043 vituperando?
795 2982 820 3029 in
832 2967 961 3029 sententiis
973 2980 1103 3043 argutior?
1121 2978 1147 3027 in
1164 2980 1274 3028 docendo
1285 2980 1346 3028 edis-

272 3064 427 3125 serendoque
438 3063 574 3113 subtilior?
591 3067 698 3113 refertae
710 3070 767 3112 sunt
778 3064 903 3111 orationes
914 3061 1021 3124 amplius
1037 3066 1137 3109 eentum
1154 3060 1343 3124 quinquaginta,

272 3160 336 3206 quas
347 3133 448 3207 quidem
460 3146 541 3194 adhuc
549 3146 687 3193 invenerim
699 3153 724 3194 et
736 3146 842 3209 legerim,
854 3151 879 3191 et
890 3144 972 3192 verbis
985 3151 1010 3191 et
1022 3144 1096 3191 rebus
1107 3142 1267 3192 inlustribus:
1286 3142 1346 3190 licet

272 3243 306 3277 ex
322 3228 361 3276 his
379 3228 472 3292 eligant
491 3243 527 3289 ea,
540 3242 605 3289 quac
622 3228 749 3276 notatione
766 3233 790 3275 et
809 3227 881 3275 laude
892 3225 968 3289 digna
979 3232 1050 3274 sunt:
1068 3240 1155 3273 omnes
1166 3224 1288 3273 oratoriae
1301 3224 1346 3271 rir-

273 3316 341 3359 tutes
353 3310 380 3359 in
392 3311 427 3359 cis
439 3311 600 3373 reperientur.
628 3310 679 3357 lam
691 3325 749 3358 vero
761 3310 873 3372 Origines
886 3310 938 3357 eius
950 3324 1025 3369 quem
1036 3308 1121 3357 florem
1133 3313 1177 3356 aut
1188 3306 1346 3368 quodlumen

273 3393 431 3454 eloquentiae
442 3406 493 3441 non
504 3393 616 3441 habent?
651 3395 781 3440 Amatores
798 3391 856 3439 huic
867 3392 957 3439 desunt
968 3391 1042 3439 sicuti
1053 3391 1139 3439 multis
1150 3390 1199 3438 iam
1211 3394 1269 3438 ante
1280 3404 1347 3439 secu·

273 3474 304 3522 lis
315 3481 342 3523 et
352 3474 460 3523 Philisto
471 3474 602 3537 Syracusio
612 3481 638 3523 et
649 3474 697 3536 ipsi
709 3474 851 3535 Thucydidi
885 3474 975 3536 (liunt,
988 3471 1006 3537 ξ
1018 3473 1057 3522 tt.
1092 3473 1131 3522 cf.
1144 3471 1188 3533 td,
1201 3470 1216 3537 ξ
1229 3474 1290 3520 294:
1304 3472 1347 3521 Oe

274 3562 359 3606 tonem
371 3563 400 3605 ut
411 3558 498 3618 civem,
512 3564 540 3604 ut
551 3563 698 3618 senatorem,
711 3563 738 3604 ut
758 3556 938 3619 imperatorem,
956 3563 984 3604 ut
999 3557 1080 3604 virum
1098 3555 1205 3616 denique
1221 3570 1278 3603 curn
1289 3569 1345 3617 pru·

273 3640 358 3689 dentis
375 3646 401 3688 et
418 3640 546 3703 diligentia
568 3645 623 3688 tum
645 3639 711 3687 omni
729 3638 820 3687 uirtute
838 3639 997 3687 excellentem
1015 3640 1110 3701 prob03
1127 3638 1251 3686 orationes
1262 3643 1346 3687 autern

273 3721 335 3783 eius,
347 3726 376 3769 ut
388 3721 437 3770 illis
448 3721 611 3783 temporibus,
624 3720 695 3769 ualde
707 3721 796 3781 laudo;
813 3721 955 3784 significant
966 3721 1033 3770 enirn
1050 3720 1175 3782 quandam
1192 3714 1299 3768 formam
1311 3720 1345 3767 in-

274 3802 348 3867 genii,
360 3804 405 3852 sed
416 3803 549 3851 admodum
561 3802 698 3865 impolitam
710 3809 735 3850 et
746 3802 819 3863 plane
832 3802 937 3866 rudem.)

324 3881 389 3950 (20.)
405 3884 500 3933 Scitum
516 3892 555 3934 est
573 3885 634 3933 illud
653 3885 759 3946 Catonis,
772 3892 801 3932 ut
818 3886 910 3933 multa:
928 3886 1016 3934 llelius
1032 3886 1064 3933 de
1080 3884 1230 3945 quibusdam
1244 3886 1346 3933 acerbes

273 3966 388 4016 inimicos
405 3968 495 4016 mereri
510 3981 585 4028 quam
606 3982 648 4015 eos
667 3966 767 4028 amicos,
779 3966 822 4027 qui
839 3966 923 4015 dulces
934 3967 1081 4027 videantur,
1098 3964 1154 4014 illos
1169 3980 1256 4015 verum
1272 3981 1347 4029 saepe

274 4049 364 4110 dicere,
376 4049 423 4098 hes
434 4064 578 4109 numquam.
614 4048 698 4110 (Lael,
711 4046 726 4113 ξ
739 4048 789 4111 90.)

323 4130 388 4197 (21.)
404 4131 485 4181 Vetus
497 4132 559 4179 illud
570 4131 670 4180 Catonis
682 4132 814 4179 admodum
825 4132 916 4179 scitum
927 4137 973 4192 eet,
986 4132 1029 4192 qni
1040 4130 1125 4178 mirari
1140 4144 1168 4179 se
1180 4129 1270 4191 aiebat,
1278 4131 1346 4191 quod

274 4228 326 4263 non
337 4214 428 4264 rideret
440 4214 572 4276 haruspex,
585 4213 739 4275 haruspicem
751 4229 808 4262 cunr
819 4214 930 4262 vidisset
965 4213 1014 4276 (De
1024 4214 1100 4263 diviua
1113 4216 1136 4275 2,
1149 4212 1166 4278 ς
1178 4212 1228 4277 tu.)

324 4294 392 4361 (22.)
409 4297 550 4358 Erumpunt
561 4311 636 4357 saepe
647 4297 707 4345 vitia
719 4297 853 4345 amicorum
871 4333 878 4347 .
895 4334 901 4345 .
921 4332 926 4345 .
944 4298 1008 4346 tales
1018 4297 1095 4360 igitur
1106 4296 1229 4345 amicitiae
1240 4302 1300 4358 sunt
1311 4310 1347 4344 re-
