3334 5109
698 397 888 449 LATINE.
1276 397 1324 448 65

294 563 329 613 Β.
348 564 433 613 cicero
453 564 514 614 dicit
531 564 677 627 Pompeium
696 570 737 613 tot
755 564 896 626 triumphos
914 564 1039 623 habuisse,
1051 568 1113 622 quot
1130 576 1187 611 orac
1203 562 1255 610 sint
1270 577 1325 623 par-

249 652 338 708 tesque
355 652 479 696 terrarum
498 647 579 713 (Balb.
593 649 626 711 ir,
639 648 672 714 9).
709 648 754 698 Oui
765 654 850 696 autem
869 646 1020 695 adolescenti
1037 652 1062 694 et
1079 645 1158 705 equiti
1172 644 1325 705 triumphare

247 728 327 792 licuit,
339 730 394 791 ejus
407 736 510 780 truncus
522 732 623 780 vadosis
635 732 707 793 aquis
725 732 774 779 huc
786 731 844 779 illuc
855 731 998 792 jactabatur
1010 727 1086 791 (Luc,
1099 728 1171 775 Phar.
1184 727 1234 788 viii,
1247 724 1311 788 700).

298 811 332 861 A.
346 812 430 862 Livius
443 814 510 876 dicit,
522 814 677 876 triumphum
690 813 782 861 Aemili
794 812 873 872 Pauli,
886 812 951 860 bello
963 811 1120 859 Macedonico
1131 810 1252 870 coniecto,
1265 809 1324 857 duo

249 908 305 941 rum
316 894 425 943 filiorum
437 902 517 945 morte
528 896 686 945 funestatum
698 908 754 944 esse
764 893 828 958 (lio.
842 908 882 941 xv.
899 894 945 956 14).

299 976 329 1025 B.
347 977 423 1039 Apud
439 982 526 1037 poetas
538 976 681 1041 triumphus
696 990 772 1039 saepe
783 976 913 1023 uictoriam
924 974 1048 1038 significat
1059 973 1128 1037 (Hor.
1141 973 1167 1022 C.
1179 973 1213 1034 iii,
1227 976 1248 1033 l,
1261 971 1286 1036 ’1)
1297 977 1324 1021 et

240 1058 330 1122 sunm
340 1057 433 1106 cladem
444 1058 488 1121 (ib.
501 1058 517 1119 i,
534 1061 572 1119 lt,
585 1058 619 1121 9).
653 1058 733 1107 Poeta
743 1058 793 1107 alio
804 1058 859 1106 loco
869 1056 955 1105 eadem
967 1055 1150 1103 constructione
1161 1054 1253 1103 utitur:
1270 1067 1324 1102 rer·

250 1146 303 1189 tere
314 1141 381 1189 seria
391 1139 451 1188 ludo
462 1138 504 1203 (A.
515 1141 542 1189 Ρ.
556 1139 622 1205 226).

299 1222 334 1272 A.
352 1222 442 1271 Nonne
453 1222 576 1287 agricolae
588 1237 687 1285 semper
698 1222 799 1271 solliciti
810 1224 889 1271 sunt?

298 1303 328 1353 B.
347 1304 388 1353 Ita
403 1310 457 1365 est;
474 1306 561 1367 pluvii,
573 1306 715 1370 grandines,
727 1306 804 1367 venti,
817 1304 879 1353 solis
895 1311 988 1366 aestus,
1000 1304 1062 1365 sitis,
1075 1302 1223 1352 detrimento
1239 1302 1323 1351 messi·

247 1389 374 1437 bossunt
410 1388 510 1450 Pauper
521 1388 631 1450 colonus,
640 1390 681 1438 cui
693 1402 786 1451 parvus
798 1402 858 1451 ager
868 1392 915 1449 eat,
923 1388 1055 1449 praecipue
1063 1386 1163 1434 timidus
1174 1391 1220 1447 est,
1229 1390 1255 1434 et
1266 1384 1323 1433 For-

248 1476 337 1519 tunam
347 1469 443 1519 ambira
453 1476 521 1519 recte
532 1470 629 1520 dicitur.

298 1551 332 1601 A.
350 1537 453 1601 Memini
466 1552 612 1602 Sallustium
624 1553 707 1603 dicere
718 1553 865 1602 candidatos
877 1554 971 1602 Romae
981 1552 1092 1615 singulos
1103 1565 1118 1599 e
1128 1557 1217 1599 senatu
1229 1548 1324 1598 ambire

247 1634 329 1684 solere
339 1632 409 1698 (Jug.
422 1635 474 1697 xiii,
487 1634 520 1700 8).

298 1714 329 1766 B.
347 1716 415 1780 Iege
432 1717 567 1779 Calpurnia
585 1717 695 1766 ambitus
713 1717 871 1779 puniebatur.
907 1718 1009 1766 Ambire
1020 1723 1104 1765 autem
1119 1716 1254 1764 Fortunam
1269 1730 1321 1764 non

246 1797 329 1846 solum
340 1798 429 1860 coloni,
442 1799 486 1846 sed
498 1799 574 1846 etiam
585 1804 677 1847 nautae
688 1799 796 1848 audaces
808 1800 933 1848 dicuutur.

297 1879 337 1937 A,
351 1880 440 1929 Nonne
452 1880 571 1930 Horatius
582 1880 694 1943 pericula
704 1882 781 1929 maris
793 1882 926 1943 praecipue
937 1881 1060 1929 timebat?

298 1961 328 2011 B.
347 1962 414 2011 Dicit
425 1963 461 2011 illi
473 1965 549 2012 robur
565 1969 591 2012 et
609 1976 652 2011 aes
669 1962 763 2025 triplex
779 1963 847 2012 circa
862 1970 951 2025 pectus
967 1963 1053 2024 fuisse,
1065 1962 1108 2023 qni
1125 1962 1219 2024 primus
1233 1961 1322 2025 pelago

246 2046 329 2091 ratem
340 2044 499 2093 commiserit.
534 2044 619 2093 Nauta
636 2042 748 2093 laeam
763 2044 867 2107 pelagus
884 2044 988 2095 dicitur:
1005 2045 1106 2094 Tacitus
1122 2046 1197 2093 etiam
1211 2044 1321 2093 Batavos

245 2125 320 2185 aquis
332 2125 453 2175 imbcra
463 2127 538 2177 dicit:
557 2126 668 2189 Ovidius,
680 2128 808 2176 bominum
827 2128 917 2176 aetatis
934 2129 1031 2177 ferreae
1046 2129 1143 2177 carinas
1156 2126 1274 2176 fluctibus
1287 2126 1322 2175 in·

246 2208 388 2259 sultavisse.

298 2291 332 2341 A.
352 2292 470 2342 Credisne
481 2292 585 2357 pelagus
597 2294 760 2356 Carpathium
777 2294 911 2356 praecipue
921 2296 1003 2343 ventis
1020 2295 1108 2357 agitari
1125 2299 1168 2342 aut
1179 2300 1269 2342 nautas
1282 2294 1323 2343 Bi-

245 2372 338 2435 thynes
350 2375 442 2423 eximia
452 2376 557 2425 andacia
567 2376 666 2426 subse?
1107 2390 1113 2401 ’

297 2455 328 2506 Β.
346 2457 452 2507 Horatio
469 2458 565 2520 placuit
581 2459 701 2522 maribus,
712 2458 825 2521 urbibus,
843 2459 956 2520 naribus,
969 2464 1024 2521 etc,
1036 2458 1137 2507 nomina
1147 2458 1246 2520 propris
1264 2458 1322 2507 dare

242 2537 315 2599 (ride
326 2539 381 2589 (lar.
393 2540 410 2603 i,
424 2542 447 2602 1,
458 2542 544 2589 trabes
556 2540 653 2603 Cypria,
666 2540 790 2603 Myrtoum
801 2556 877 2603 mare,
889 2540 955 2604 etc).

297 2618 331 2669 A.
350 2620 414 2669 Vult
425 2622 514 2685 dicere,
527 2623 617 2672 credo:
634 2623 676 2684 Te,
690 2622 711 2671 0
722 2622 840 2683 Fortuna,
852 2636 974 2683 pauperes
991 2623 1044 2685 agri
1055 2623 1162 2671 cultores
1173 2628 1320 2684 precantur,

245 2707 340 2751 nautae
351 2710 552 2766 mercatoresque
563 2704 590 2752 in
600 2704 717 2753 omnibus
728 2710 810 2753 terrae
821 2705 934 2766 partibus
945 2710 972 2752 te
983 2704 1075 2753 colunt.

296 2783 327 2834 B.
345 2784 428 2835 Paene
439 2788 508 2837 haec.
543 2787 626 2845 Quare
636 2788 773 2837 Fortunam
784 2786 911 2835 donuinam
923 2788 1036 2847 aequoris
1047 2786 1173 2848 appellat?

297 2866 332 2917 A.
351 2868 437 2931 Gradu,
450 2871 517 2933 quia,
531 2871 614 2919 causis
630 2874 810 2933 tempestatum
828 2868 928 2932 ignotis,
939 2874 1023 2916 motus
1040 2870 1153 2929 aequoris
1171 2882 1230 2917 casu
1247 2868 1320 2917 nobis

244 2947 417 2998 administrari
428 2951 552 3000 videntur.
587 2951 697 3002 Nonne?

296 3028 327 3079 B.
346 3030 386 3079 Ita
396 3033 478 3081 credo.
513 3033 624 3081 Fortuna
639 3034 666 3081 in
683 3034 792 3081 nummis
809 3032 958 3097 fingebatur,
970 3033 1058 3081 dextra
1069 3038 1156 3081 tenens
1167 3034 1320 3095 gubernacu-

243 3111 307 3174 lum,
319 3126 370 3174 quo
381 3128 482 3163 cursum
493 3114 565 3163 naris
576 3120 654 3178 regat.

296 3194 332 3245 A.
350 3196 439 3245 Nonne
445 3196 514 3259 Daci,
522 3196 615 3245 similes
621 3198 718 3259 Ptenis,
726 3197 881 3247 bellistudiis
887 3198 1015 3259 asperrimi
1021 3199 1106 3245 erant?
1117 3195 1185 3260 (Ver.
1194 3200 1238 3247 Aa.
1245 3198 1261 3260 i,
1270 3197 1319 3261 14).

296 3276 327 3327 B.
345 3266 408 3327 Daoi
419 3278 459 3326 his
469 3278 625 3341 temporibus
643 3279 776 3341 imperium
794 3280 977 3329 incursionibus
994 3281 1131 3341 vexabant3
1148 3280 1208 3328 Daci
1219 3285 1245 3328 et
1264 3278 1321 3341 Scy·

243 3358 307 3407 thas
318 3360 404 3409 hostes
415 3360 517 3409 barbari
527 3366 606 3410 erant.

297 3442 332 3491 A.
349 3442 432 3499 Quare
443 3443 548 3506 Scythas
553 3444 680 3509 profugos
690 3444 818 3507 appellat?

296 3521 327 3571 B.
344 3522 458 3587 Scythae,
470 3524 498 3573 in
513 3524 633 3587 plaustris
650 3525 801 3589 habitantes,
814 3540 914 3588 campos
926 3525 990 3573 latos
1001 3527 1178 3589 peragrabmt3
1195 3526 1279 3588 copias
1293 3526 1320 3575 in

245 3603 324 3653 silvas
338 3606 436 3669 abdere,
449 3606 572 3669 impetum
589 3622 604 3656 e
620 3607 690 3657 silvis
707 3608 734 3656 in
751 3608 837 3658 hostes
854 3609 938 3657 subito
950 3608 1040 3669 iacere,
1052 3614 1078 3656 et
1089 3622 1116 3656 se
1126 3608 1157 3655 ad
1169 3622 1227 3657 suos
1237 3607 1322 3657 celeri-

245 3686 309 3736 riter
318 3688 413 3737 referre
424 3688 552 3739 solebant:
570 3688 597 3737 in
607 3690 729 3754 fugiendo
739 3704 814 3753 saepe
825 3691 1006 3753 jaculabantur.

296 3768 331 3818 A.
349 3768 416 3818 Num
427 3770 542 3821 barbaris
553 3772 678 3833 urbesque
689 3778 826 3835 gentesque
838 3776 918 3821 sunt?

296 3850 327 3901 B.
344 3850 458 3901 Barbari
475 3853 525 3902 alio
541 3854 616 3903 aliam
630 3854 840 3919 significationem
851 3854 933 3903 habet.
968 3855 1047 3903 credo
1061 3860 1159 3916 poetam
1170 3855 1282 3904 hocloco
1293 3856 1320 3905 iu

242 3933 331 3983 animo
340 3934 446 3997 populos
458 3949 472 3983 e
483 3935 558 3985 Dacis
569 3942 596 3985 at
607 3934 828 3999 Scythismoribus
840 3943 948 3987 remotos
960 3938 1059 3988 babere.

296 4017 331 4066 A:
350 4016 432 4073 Quare
443 4017 543 4066 Latium
548 4018 625 4083 feroc
636 4018 764 4081 appellati

296 4097 327 4148 B
344 4098 444 4148 Latium
460 4106 515 4149 erat
534 4100 608 4149 ferox
624 4100 691 4151 belli.
725 4100 846 4169 Horatius
866 4101 971 4149 Romam
988 4102 1069 4164 ipsam
1082 4101 1191 4166 ferocem
1211 4100 1320 4164 appellat

242 4178 331 4244 (ciiii,
343 4184 366 4244 8,
378 4181 429 4249 44)

296 4262 331 4313 A.
349 4263 431 4320 Quare
442 4264 473 4314 de
484 4264 608 4314 matribm
618 4280 705 4330 regum
715 4265 845 4328 loquitur?
