3334 5109
341 407 417 461 130
776 407 962 458 LATINE.

336 573 404 632 aliis
418 582 574 653 gestarum,
590 576 665 632 vitae
679 593 747 631 snae
760 581 850 630 testes
864 574 941 631 civcs
955 593 1057 631 omues
1076 572 1213 633 habebat.
1256 572 1314 629 His
1327 572 1410 628 insti·

336 673 411 729 tutis
434 671 580 749 cupiditas
603 670 712 750 gloriae
733 678 875 748 perpetuo
899 671 1055 742 stimulata,
1079 689 1175 728 mores
1199 670 1408 747 ingeniumque

336 769 435 847 gentis
450 769 561 846 proprii
575 769 758 826 continenter
770 767 938 839 alebantur3
960 768 1072 846 patriae
1093 766 1199 824 caritas
1219 765 1408 843 studiumque

338 885 436 923 rerum
450 864 647 922 communium
662 865 744 942 quasi
762 865 793 921 in
811 863 946 922 medullis
967 864 1076 921 civium
1090 881 1124 921 ac
1137 861 1297 921 visceribus
1309 861 1409 919 haere-

335 961 418 1020 bant

400 1056 510 1115 Ardori
526 1056 641 1113 virtutis
657 1055 863 1114 inflammando
878 1057 965 1114 etiam
980 1057 1046 1139 dieq
1059 1057 1125 1114 sesti
1139 1054 1345 1127 inserviebant,
1358 1055 1409 1133 qni

338 1153 419 1232 apud
433 1153 595 1230 Spartiatae
609 1153 720 1210 otiosos
740 1154 878 1230 permulti
900 1162 989 1211 erant
1032 1152 1147 1222 Quibus
1161 1151 1266 1211 diebus
1279 1152 1410 1210 carmina

338 1250 499 1329 popularia,
514 1269 588 1327 quae
603 1249 640 1306 ad
653 1249 760 1307 bellum
776 1258 948 1328 spectarent,
964 1250 1116 1321 canebant,
1132 1268 1207 1328 quae
1220 1256 1272 1307 aut
1285 1249 1410 1328 gloriam

337 1348 467 1404 virorum
482 1365 534 1424 pro
555 1346 650 1424 patria
672 1353 853 1404 mortuorum
869 1346 1078 1424 praedicabant
1092 1346 1194 1405 autad
1209 1347 1347 1404 virtutem
1361 1346 1411 1403 ad·

338 1443 539 1502 hortabantur.
582 1442 639 1500 His
662 1441 765 1501 diebus
785 1443 868 1501 fastis
891 1445 978 1502 etiam
1000 1445 1079 1502 cives
1099 1443 1260 1501 secundnm
1282 1449 1409 1500 sentem

337 1542 371 1598 in
385 1541 489 1599 choros
513 1546 573 1598 tres
596 1540 807 1612 dividebantur,
824 1560 948 1617 quornm
974 1542 1085 1619 primus
1106 1559 1142 1598 ex
1163 1539 1327 1598 senioribus
1341 1558 1410 1597 con-

339 1645 420 1696 stans
440 1637 511 1695 haec
529 1655 632 1695 canere
646 1637 763 1714 coepit:
785 1637 878 1695 “Nos
892 1638 984 1695 fortes
998 1638 1070 1695 olim
1090 1635 1199 1694 fuimns
1210 1637 1218 1695 l
1229 1635 1248 1664 ”
1290 1636 1409 1694 Deinde

337 1734 459 1793 iuvenes
473 1734 703 1814 responderunt:
726 1733 855 1791 “Fortes
869 1753 945 1792 nunc
960 1735 1077 1792 sumusl
1099 1732 1150 1811 qui
1164 1734 1278 1792 animos
1291 1741 1410 1792 nostros

339 1832 465 1910 experiri
486 1831 619 1903 voluerit,
643 1831 783 1889 venitol”
836 1831 990 1889 Postremo
1014 1830 1236 1889 adulescentes:
1258 1830 1328 1890 “Et
1353 1849 1409 1888 nos

337 1929 498 2008 aliqnando
521 1927 611 1986 sortes
634 1929 741 1996 erimus
764 1927 945 2006 gloriamque
971 1936 1097 1986 vestram
1124 1928 1213 1987 factis
1241 1927 1410 1986 obscurabi-

338 2045 404 2083 mus
415 2027 421 2084 l
432 2025 448 2054 ’'

400 2122 625 2181 considerantes
645 2121 735 2198 igitur
756 2141 808 2178 nos
830 2123 953 2179 strictim
978 2122 1116 2180 instituta
1128 2121 1266 2201 legesque
1281 2121 1409 2200 Lycurgi

337 2219 494 2276 admiratio
509 2218 651 2295 quaedam
664 2225 747 2295 grata
758 2226 848 2276 tenet.
891 2218 995 2296 Neque
1010 2219 1087 2276 enim
1101 2219 1173 2277 licet
1186 2218 1324 2291 dubitari,
1339 2219 1410 2297 quin

338 2317 440 2375 omnia
460 2316 568 2373 similia
580 2315 715 2372 instituta
729 2317 888 2393 antiquitus
901 2317 1011 2374 tradita
1023 2318 1203 2395 praestantia
1215 2336 1268 2374 sua
1281 2315 1411 2394 Lycurgi

337 2414 419 2492 leges
440 2413 564 2470 multum
585 2413 790 2489 superaverint,
812 2413 948 2471 Mosaicis
969 2414 1039 2471 solis
1059 2414 1199 2490 exceptis,
1219 2432 1294 2491 quae
1308 2411 1410 2470 multis

339 2513 369 2569 in
394 2511 489 2582 rebus,
514 2510 668 2588 praecipue
692 2515 788 2566 autem
812 2510 1007 2568 fundamento
1036 2511 1150 2568 illarum
1173 2529 1233 2568 non
1254 2510 1411 2568 dissimiles

337 2615 430 2666 erant.
473 2605 617 2665 Omnibus
631 2625 699 2663 vero
724 2608 850 2664 numeris
872 2607 1061 2685 partibusque
1083 2608 1157 2666 haec
1178 2607 1315 2665 instituta
1327 2615 1412 2685 aptes

338 2706 419 2763 iuter
433 2724 463 2762 se
478 2712 508 2762 et
522 2705 726 2761 convenientia
746 2723 808 2762 esse
828 2705 983 2776 videntur,
1004 2724 1059 2763 nec
1073 2704 1243 2762 melioribus
1258 2704 1412 2782 Lycurgus

339 2804 384 2861 uti
398 2803 505 2882 potuit,
520 2801 625 2879 quibus
640 2821 681 2872 ea,
698 2821 770 2879 quae
784 2801 879 2874 vellet,
895 2809 1129 2879 consequeretur,
1144 2810 1178 2860 ut
1198 2802 1302 2860 civitas
1323 2821 1376 2860 sua
1394 2821 1412 2860 a

339 2901 445 2959 ceteris
458 2906 599 2978 separata,
615 2899 671 2956 sibi
685 2898 827 2957 sufficeret
841 2907 929 2976 atque
943 2900 1002 2956 suis
1016 2899 1128 2957 viribus
1140 2901 1257 2978 integra
1270 2906 1411 2957 maneret.

340 2998 415 3057 Post
435 2997 601 3075 Lycurgum
624 2997 719 3053 nullus
741 2996 813 3074 legis
836 2996 911 3054 lator
926 2997 1033 3068 effecit,
1049 2996 1128 3054 utin
1142 3015 1173 3055 re
1194 2995 1313 3076 publica
1329 3003 1412 3054 tanta

339 3095 506 3166 concordia,
529 3101 627 3152 tantus
651 3113 733 3152 amor
759 3095 877 3172 patriae,
903 3101 1001 3151 tantus
1023 3094 1220 3151 communitas
1244 3094 1410 3151 animorum
1458 3158 1462 3162 ,

341 3199 426 3253 esset.
818 3229 925 3296 [maa]

342 3379 476 3426 eloneo
504 3378 589 3431 [Pars
601 3380 726 3432 quares]

404 3479 482 3562 (10.)
504 3481 579 3540 Cum
594 3501 610 3540 e
625 3481 723 3539 Sicilia
746 3501 791 3539 me
815 3481 997 3558 recepissem,
1020 3481 1080 3538 iam
1104 3480 1261 3540 videbatur
1283 3481 1357 3540 illud
1379 3482 1409 3540 in

340 3599 397 3651 me,
414 3579 559 3657 quidquid
573 3587 654 3650 esset,
672 3599 732 3637 esse
753 3578 913 3656 perlectum
934 3586 964 3636 et
984 3577 1092 3637 habere
1107 3580 1306 3637 maturitatem
1321 3599 1412 3657 quan·

341 3677 410 3734 dam
426 3696 515 3735 suam.
560 3675 665 3755 (Brut,
682 3675 699 3755 ξ
716 3675 796 3756 318.)

404 3772 482 3854 (11.)
506 3771 579 3854 [684
592 3797 624 3825 =
638 3771 689 3854 70]
712 3773 760 3831 Me
771 3772 892 3830 aedilem
903 3773 1031 3851 priorem
1042 3773 1155 3830 cunctis
1165 3773 1310 3851 suffragiis
1320 3792 1413 3851 popu-

343 3873 388 3930 lus
402 3871 552 3929 Romanus
566 3872 646 3929 fecit
690 3870 735 3950 (in
749 3869 910 3949 Pisonfit.
953 3869 1413 3950 01.Brutgsra:cumessem

342 3971 374 4028 in
388 3969 520 4046 plurimis
535 3969 628 4026 causis
648 3975 678 4027 et
698 3969 729 4026 in
749 3968 929 4046 principibus
950 3968 1082 4045 patronis
1104 3967 1337 4045 quinquennium
1351 3967 1412 4026 sere

342 4073 481 4138 versatus,
496 4073 559 4124 tum
579 4067 611 4122 in
632 4067 792 4144 patrocinio
813 4065 959 4124 Siciliensi
978 4066 1105 4123 maxime
1125 4066 1157 4123 in
1178 4071 1325 4123 certamen
1343 4065 1413 4123 veni

343 4164 512 4242 designatus
536 4163 638 4222 aedilis
662 4182 729 4220 cum
751 4163 903 4240 designato
931 4162 1049 4221 consule
1073 4162 1242 4220 Hortensio.
1284 4161 1355 4219 And
1379 4155 1417 4219 in'

344 4261 429 4320 Verr.
453 4267 480 4334 5,
503 4259 521 4340 ξ
543 4265 599 4318 36:
620 4259 706 4317 Nunc
726 4279 789 4318 sum
810 4261 979 4339 designatus
999 4259 1119 4334 aedilis;
1139 4258 1236 4317 habeo
1256 4259 1411 4331 rationem,
1432 4294 1436 4300 ·
