3334 5109
709 425 898 476 LATINE.
1287 420 1337 474 98

263 594 484 667 discordiarum,
501 614 518 652 a
533 596 639 672 quibus
653 596 756 652 civitas
772 572 917 670 usquead
932 592 1005 649 illud
1026 598 1142 668 tempus
1161 589 1337 647 labefactata

263 698 333 764 erat,
350 692 464 749 liberati
486 704 560 750 sunt.
604 691 668 760 Quo
690 692 779 749 modo
802 691 910 748 factum
932 696 977 748 est
1000 696 1034 745 ιιι
1057 706 1124 766 pars
1143 693 1247 744 neutra
1267 686 1337 745 alte·

262 808 325 845 ram
340 791 503 866 opprimere
519 797 626 867 posset.
671 789 746 846 Nam
762 795 865 846 contra
885 795 1017 844 senatum
1040 784 1239 863 populumque
1254 802 1336 862 reges

262 904 322 942 non
338 886 460 943 multum
475 884 612 963 perficere
634 892 791 962 potuerant
812 904 908 961 neque
929 884 1021 960 magis
1044 881 1170 959 populus
1190 880 1336 958 praevole

260 981 321 1052 bat,
347 984 371 1039 si
393 989 510 1039 senatus
532 1001 598 1039 cum
622 981 740 1059 regibus
763 980 888 1038 consilia
911 979 1149 1036 communicaret
1203 976 1263 1035 Sed
1284 977 1334 1034 alii

261 1078 392 1156 periculo
408 1077 559 1154 Lyeurgus
579 1096 638 1134 non
659 1078 823 1155 praevertit,
841 1095 877 1133 ne
900 1084 1018 1133 senatus
1039 1076 1103 1152 ipae
1122 1080 1268 1151 potestate
1283 1094 1335 1131 sua

261 1174 437 1232 abuteretur.
480 1173 604 1231 Senatus
618 1176 705 1244 enim,
722 1194 789 1232 cum
812 1175 841 1231 in
865 1172 984 1230 civitate
1006 1171 1121 1229 medius
1144 1172 1334 1249 interpositus

262 1278 346 1342 esset,
361 1270 441 1327 nullo
466 1271 596 1347 periculo
619 1270 841 1347 tranquillitatis
866 1268 1053 1346 publicaeet
1076 1286 1142 1325 cum
1167 1266 1286 1344 regibus
1306 1274 1336 1323 et

262 1386 328 1426 oum
344 1367 453 1445 populo
469 1387 498 1425 se
514 1370 634 1445 iungere
656 1375 778 1445 poterat,
795 1366 848 1423 sed
869 1372 973 1423 contra
992 1384 1051 1422 non
1065 1365 1127 1422 sine
1148 1384 1256 1442 magno
1277 1364 1335 1421 dis-

262 1466 383 1523 crimine
398 1466 440 1522 rei
455 1464 597 1542 publicae,
614 1484 697 1541 reges
718 1464 841 1521 consilia
860 1482 913 1519 sua
934 1482 1000 1520 oum
1014 1462 1123 1539 populo
1139 1468 1241 1519 contra
1254 1481 1335 1519 sena·

259 1569 325 1620 tum
350 1562 564 1619 communicare
589 1581 647 1619 non
675 1568 819 1639 poterant.
874 1559 956 1628 Quae
981 1579 1048 1617 cum
1072 1559 1113 1616 ita
1136 1566 1241 1627 esseut,
1265 1578 1335 1617 mox

262 1660 360 1736 coepit
384 1666 501 1716 senatus
525 1658 580 1716 hac
605 1660 825 1736 opportunitate
848 1658 998 1715 intellecta
1019 1662 1164 1734 potestate
1178 1676 1231 1713 sua
1243 1656 1334 1715 abuti

262 1754 302 1812 Et
324 1756 399 1813 hanc
422 1756 460 1812 ob
484 1774 554 1826 rem,
572 1774 644 1833 quae
666 1754 702 1811 ab
724 1756 760 1811 iis
781 1752 976 1832 agitabantur,
988 1760 1124 1810 eventurn
1142 1753 1228 1810 facile
1249 1752 1336 1810 habe-

261 1849 334 1907 bant
349 1851 428 1927 quod
443 1852 473 1907 in
493 1871 614 1909 numero
638 1870 726 1929 parvo
747 1858 915 1930 senatorum
936 1848 1051 1907 facilius
1072 1857 1106 1906 ιιι
1126 1850 1203 1907 inter
1222 1868 1255 1907 se
1268 1868 1337 1908 con·

263 1948 413 2019 sentirent,
425 1948 532 2006 facturn
548 1956 599 2006 est.
643 1947 769 2025 Propter
783 1966 817 2004 ea
832 1948 882 2023 qui
897 1945 1033 2023 Lycurgo
1047 1946 1186 2004 successit
1201 1947 1335 2005 lacunam

262 2044 399 2122 explevit,
412 2044 538 2123 Ephoris
547 2046 689 2103 institutis
704 2045 754 2122 qui
770 2052 903 2102 senatum
918 2044 1110 2123 reprimerent
1123 2051 1210 2121 atque
1223 2062 1334 2102 coerce·

263 2151 335 2202 rent

322 2237 409 2306 Quod
432 2258 499 2297 vero
514 2238 665 2316 Lycurgus
687 2239 848 2296 secundum
871 2238 1001 2295 instituit
1027 2236 1218 2315 periculosius
1246 2245 1336 2316 atque

261 2320 399 2393 audacius
414 2336 480 2394 fuit.
522 2335 628 2393 Voluit
648 2336 724 2393 enim
748 2336 899 2413 regionem
921 2340 1015 2391 totam
1036 2334 1067 2390 in
1088 2340 1186 2411 partes
1200 2334 1336 2411 aequales

261 2431 386 2488 divisam
401 2431 513 2489 civibus
538 2431 673 2489 distribui
699 2442 732 2489 ut
756 2432 916 2489 discrimen
941 2432 1018 2488 inter
1037 2430 1196 2508 locupletes
1218 2450 1251 2489 ac
1265 2450 1336 2509 pau·

261 2547 345 2605 peres
359 2529 390 2585 in
405 2536 579 2607 perpetuum
594 2530 752 2588 tolleretur.
796 2528 926 2586 Laconia
945 2528 1035 2606 igitur
1056 2528 1151 2585 omnis
1167 2528 1196 2585 in
1211 2528 1336 2606 triginta

260 2622 345 2680 milia
358 2631 388 2682 et
402 2626 465 2702 agri
476 2626 553 2682 cirea
566 2625 700 2703 Spartam
716 2628 808 2703 ipsam
820 2625 880 2694 sit-i,
891 2625 923 2681 in
936 2643 1042 2682 novem
1053 2624 1133 2682 milia
1147 2632 1263 2702 partum
1278 2626 1336 2683 dis

260 2720 365 2778 tributi
380 2730 456 2792 sunt,
472 2741 595 2799 quorum
620 2741 750 2800 quaeque
771 2729 854 2780 tanta
875 2723 942 2793 fuit,
957 2728 991 2779 ut
1010 2722 1062 2778 uni
1083 2721 1209 2780 familiae
1225 2724 1333 2781 victum

260 2818 421 2894 praeberet
464 2818 539 2875 Tum
555 2839 622 2876 vero
645 2821 741 2876 omnis
764 2820 845 2897 regio
867 2825 1018 2895 aspectum
1040 2824 1102 2875 tam
1123 2827 1239 2895 gratum
1253 2839 1335 2897 prae·

262 2914 326 2972 buit
350 2923 384 2973 ut
410 2916 473 2992 ipse
504 2915 654 2993 Lycurgus
686 2936 753 2973 cum
784 2918 936 2994 regionem
964 2924 1138 2994 peragraret,
1167 2918 1334 2994 spectaculo

260 3011 362 3069 oculos
376 3019 511 3089 posceret
532 3020 619 3090 atque
634 3014 813 3083 exclamavit,
831 3012 1061 3070 “Lacedaemon
1076 3032 1146 3090 agro
1161 3014 1265 3071 similis
1279 3022 1333 3087 est,

261 3126 348 3186 quem
363 3109 469 3166 fratres
483 3110 619 3167 fraternis
633 3110 709 3167 inter
730 3130 760 3167 se
781 3110 888 3167 animis
902 3109 1142 3167 distribuerunt.‘’
1184 3110 1285 3188 Atque
1301 3119 1334 3169 ut

260 3224 346 3283 agros
367 3207 410 3263 ita
434 3207 522 3263 etiam
544 3226 590 3263 res
618 3216 768 3264 moventes
797 3206 1005 3279 distribuisset,
1032 3207 1089 3264 uisi
1114 3206 1182 3282 huie
1207 3208 1333 3267 consilio

260 3302 454 3375 difficultates,
471 3322 543 3380 quas
563 3322 712 3380 superasse
731 3323 790 3361 nou
812 3310 921 3381 posset,
936 3304 1126 3361 obstitissent.
1170 3302 1250 3372 Quae
1271 3313 1334 3363 tan-

260 3419 349 3478 quam
364 3401 462 3478 aliquo
477 3400 608 3458 anfractu
622 3402 746 3457 tentavit
768 3401 805 3458 ad
830 3400 861 3457 id
885 3400 965 3478 quod
987 3409 1157 3477 sequeretur
1170 3403 1332 3478 pervenire,

260 3504 294 3555 ut
308 3516 350 3570 ea,
366 3518 440 3576 quae
454 3498 519 3576 lego
533 3498 689 3575 imperiosa
709 3499 772 3575 ipse
793 3497 895 3555 tollere
917 3516 976 3554 non
990 3504 1096 3575 posset,
1111 3517 1193 3555 suam
1207 3518 1260 3577 per
1274 3500 1333 3557 vim

260 3594 406 3653 caderent.
525 3592 527 3596 ’

322 3690 426 3769 Itaque
440 3710 504 3749 earn
519 3692 558 3749 ob
573 3712 631 3750 rem
654 3694 782 3769 primum
804 3712 858 3770 pro
880 3693 1007 3750 nummis
1026 3693 1171 3770 argenteis
1185 3700 1217 3751 et
1229 3695 1332 3765 aureis,

260 3788 367 3867 quibus
381 3788 460 3846 cives
473 3789 517 3845 uti
531 3790 632 3860 vetuit,
643 3790 754 3846 ferreos
765 3788 926 3848 substituit
958 3789 1058 3867 Atque
1067 3789 1183 3867 pondus
1191 3809 1332 3868 magnum

260 3892 292 3943 et
305 3904 391 3963 grave
406 3885 477 3943 ferri
500 3886 614 3942 minimi
638 3887 724 3963 pretii
750 3906 811 3943 esse
836 3888 922 3944 iussit
945 3894 1060 3944 utnon
1084 3886 1179 3943 solum
1204 3888 1333 3964 spatium

259 3982 382 4040 minime
406 3983 554 4060 exiguum,
575 4002 632 4060 quo
658 3984 782 4060 pecunia
801 4002 892 4061 parva
913 3990 1083 4056 servaretur,
1109 3982 1162 4041 sed
1185 3983 1275 4040 etiam
1299 3992 1333 4042 ut

259 4086 505 4157 transportaretur
519 4079 587 4157 equi
601 4080 685 4137 multi
701 4100 775 4158 opus
796 4088 902 4140 essent
945 4080 1100 4139 Praeterea
1113 4100 1151 4137 ne
1166 4080 1232 4158 quis
1245 4089 1331 4155 esset,

262 4177 313 4255 qui
326 4176 402 4235 hauc
415 4178 569 4255 pecuniam
594 4184 714 4255 propter
738 4178 846 4235 ferrum
870 4179 967 4256 ipsum
989 4179 1088 4257 magui
1112 4178 1280 4236 aestimaret
1303 4185 1334 4237 et
1399 4224 1403 4237 r

261 4275 428 4333 corraderet
441 4276 527 4333 iussit
540 4275 581 4347 id,
597 4275 677 4354 quod
692 4276 759 4333 huie
773 4276 815 4333 rei
829 4276 993 4348 inserviret,
1008 4274 1236 4360 anteaucandens
1248 4282 1332 4333 aceto
