3334 5109
755 368 900 419 LATIN
906 369 943 421 E.
1359 370 1382 419 5

312 531 381 589 Piso
402 552 489 611 saepe
510 534 636 606 dicebat,
651 536 749 592 minus
769 553 855 612 saepe
866 528 1069 613 'Pomponius
1084 553 1148 590 raro
1170 530 1275 605 Carbo,
1291 532 1379 590 semel

311 637 362 687 aut
375 631 480 689 iterum
496 632 660 710 Philippus,
703 632 746 688 At
761 650 827 689 vero
843 651 900 709 ego
921 631 978 689 hoc
992 638 1124 708 tempore
1139 630 1220 688 omni
1234 630 1331 687 noctis
1352 638 1381 687 et

312 726 373 783 dies
396 728 425 784 in
446 730 578 786 omnium
596 729 795 787 doctrinarum
818 728 1010 785 meditatione
1031 726 1173 786 versabar.
1214 746 1293 785 eram
1314 747 1382 784 cum

311 822 411 882 Stoico
426 825 568 897 Diodoto,
584 826 636 903 qui
657 844 724 883 eum
738 824 929 882 habitavisset
942 824 1022 901 apud
1042 844 1089 882 me
1109 833 1282 901 mecumque
1296 824 1384 881 vixis·

311 928 363 992 set,
379 940 471 998 nuper
484 928 530 979 est
540 922 622 979 domi
636 940 719 979 meae
733 929 874 979 mortuus.
910 939 928 977 a
942 939 1001 998 quo
1015 940 1081 979 cum
1095 922 1126 978 in
1140 921 1204 979 aliis
1216 920 1304 979 rebus
1318 929 1382 979 tum

312 1017 525 1076 studiosissime
550 1018 580 1075 in
604 1017 758 1076 dialectica
782 1017 945 1090 exercebar,
971 1037 1045 1096 quae
1070 1019 1152 1095 quasi
1175 1027 1326 1077 contracta
1353 1026 1383 1077 et

311 1116 429 1172 astricta
442 1115 610 1193 eloquentia
623 1116 756 1192 putanda
769 1123 821 1173 est
865 1114 934 1172 huic
948 1134 1004 1191 ego
1019 1114 1133 1172 doctori
1150 1117 1256 1173 eteius
1271 1115 1382 1174 artibus

311 1212 397 1268 variis
417 1221 504 1289 atque
525 1212 627 1269 multis
638 1212 691 1283 ‘ita
704 1231 783 1270 eram
805 1219 904 1269 tamen
919 1211 1047 1283 deditus,
1064 1218 1096 1268 ut
1117 1210 1153 1268 ab
1169 1212 1383 1270 exercitationi-

311 1308 366 1366 bus
380 1309 514 1366 oratoriis
526 1309 622 1367 nullus
636 1309 700 1366 dies
715 1328 822 1366 vacuus
833 1318 917 1366 esset.
960 1308 1178 1366 commentabar
1191 1309 1383 1367 declamitans

311 1407 393 1462 -sic
417 1406 495 1463 enim
520 1424 598 1463 nunc
623 1405 911 1482 loquuntur-saepe
931 1424 998 1461 cum
1023 1404 1062 1462 M.
1079 1404 1186 1463 Pisone
1207 1413 1238 1463 et
1258 1426 1325 1465 eum
1346 1405 1381 1475 Q„

313 1502 455 1579 Pompeio
470 1510 521 1561 aut
535 1522 601 1560 cum
623 1502 723 1579 aliquo
738 1501 865 1574 cotidie3
887 1502 977 1580 idque
990 1501 1131 1560 faciebam
1146 1503 1271 1561 multum
1293 1505 1382 1562 etiam

311 1598 423 1671 Latine,
439 1598 492 1656 sed
512 1598 624 1657 Graece
646 1599 770 1677 saepius,
786 1599 830 1656 vel
847 1598 928 1676 quod
948 1598 1060 1658 Graeca
1081 1601 1175 1659 oratio
1196 1600 1281 1679 plura
1301 1619 1383 1658 orna-

311 1705 411 1755 menta
424 1696 616 1774 suppeditans
638 1696 878 1755 consuetudinem
900 1696 1037 1755 similiter
1050 1696 1153 1755 Latine
1167 1698 1286 1755 dicendi
1307 1698 1359 1756 adf
1374 1732 1384 1741 -

312 1793 404 1864 rebat,
414 1793 556 1871 vel-quod
570 1792 716 1851 aGraecis
730 1795 854 1851 summis
868 1793 1047 1866 doctoribus,
1058 1794 1112 1851 nisi
1121 1793 1231 1851 Graece
1245 1794 1382 1868 dicerem,

312 1910 407 1968 neque
421 1890 530 1968 corrigi
543 1910 662 1968 possem
675 1910 771 1968 neque
786 1891 894 1948 doceri.
938 1889 1036 1971 (Brut
1051 1888 1069 1969 ξ
1084 1889 1248 1968 aea-310.)

375 1995 400 2045 5.
426 1986 499 2068 [673
513 2010 546 2039 =
560 1986 614 2067 81]
639 1987 824 2065 Recuperata
840 1987 907 2068 (per
927 1986 1053 2067 Sullam)
1068 2006 1099 2045 re
1118 1986 1236 2065 publica
1255 1989 1384 2067 primum

313 2104 368 2142 nos
381 2084 419 2141 ad
439 2104 541 2142 causas
555 2092 586 2143 et
599 2085 727 2163 privatas
748 2092 778 2143 et
791 2084 925 2164 publicas
946 2084 1027 2143 adire
1047 2084 1204 2161 coepimus,
1218 2104 1278 2141 non
1299 2093 1333 2143 ut
1353 2086 1383 2142 in

314 2178 381 2240 foro
403 2182 589 2254 disceremus,
611 2182 691 2260 quod
713 2181 846 2260 plerique
867 2182 1007 2253 feceruut,
1030 2180 1145 2252 redut,
1168 2189 1308 2258 quantum
1331 2202 1385 2240 nos

312 2278 427 2337 efficere
441 2279 647 2357 potuissemus,
663 2280 745 2337 docti
759 2279 787 2336 in
803 2280 903 2337 forum
916 2279 1089 2337 veniremus
1125 2278 1236 2336 Eodem
1251 2286 1384 2358 tempore

305 2367 427 2433 ‘Moloni
442 2374 578 2433 dedimus
600 2394 737 2453 operam;
759 2376 905 2433 dictatore
919 2375 997 2432 enim
1017 2374 1098 2432 Sulla
1117 2374 1230 2453 legatus
1246 2376 1284 2433 ad
1304 2396 1386 2434 sena-

313 2481 378 2531 tum
391 2473 428 2531 de
443 2472 627 2531 Rhodiorum
641 2473 779 2551 praemiis
794 2480 920 2530 venerat
964 2470 1061 2551 (Brut.
1076 2469 1094 2550 ξ
1110 2470 1192 2552 311.)

376 2576 402 2629 6.
428 2569 502 2650 [674
516 2594 549 2623 =
563 2568 616 2649 80]
641 2569 742 2627 Prima
760 2588 848 2628 causa
868 2570 986 2648 publica
1002 2568 1034 2649 (a
1050 2568 1112 2648 me)
1127 2588 1181 2647 pro
1196 2570 1261 2629 Sex.
1277 2570 1385 2630 Roscio

315 2669 395 2726 dieta
407 2675 521 2726 tantum
537 2668 802 2727 commendationis
822 2666 936 2739 habuit,
952 2674 1058 2725 utnon
1073 2666 1132 2723 ulla
1145 2674 1222 2725 esset
1236 2687 1310 2745 quae
1324 2687 1384 2726 non

315 2766 405 2843 digna
425 2773 526 2824 nostro
548 2766 713 2843 patrocinio
728 2764 885 2822 videretur.
931 2764 1071 2841 deinceps
1091 2764 1160 2822 inde
1179 2764 1297 2837 multae,
1314 2784 1385 2843 quas

315 2863 471 2941 diligenter
480 2863 642 2921 elaboratas
651 2869 681 2920 et
690 2868 839 2939 tamquam
851 2861 1034 2920 elucubratas
1045 2862 1254 2921 adferebamus.
1285 2860 1383 2942 (Brut.

316 2958 334 3039 ξ
350 2966 416 3018 312.
459 2959 505 3018 Of.
521 2960 558 3017 de
579 2958 653 3017 offic.
671 2965 687 3015 2
703 2957 721 3037 ξ
737 2964 772 3015 51
786 2978 792 3016 ε
816 2958 943 3017 Maxime
957 2968 988 3018 et
1007 2959 1102 3037 gloria
1120 2961 1232 3038 paritur
1245 2966 1276 3018 et
1292 2962 1387 3038 gratia

316 3055 542 3128 defensionibus,
558 3074 653 3133 eoque
673 3056 776 3127 maior,
791 3056 817 3111 si
832 3055 950 3132 quando
971 3056 1079 3114 accidit
1091 3064 1126 3115 ut
1139 3058 1166 3115 ei
1187 3056 1384 3131 subveniatur,

317 3154 367 3231 qui
381 3154 510 3231 potentis
524 3152 646 3211 alicuius
661 3150 767 3229 opibus
781 3152 986 3210 circumveniri
1006 3155 1181 3232 urguerique
1194 3156 1336 3228 rideatur,
1352 3164 1385 3215 ut

264 3314 272 3327 ⁸
315 3271 370 3309 uos
384 3260 414 3309 et
424 3270 510 3329 saepe
521 3250 592 3307 alias
603 3258 633 3309 et
644 3250 846 3308 adulescentes
856 3256 960 3307 contra
972 3249 1004 3308 1.
1017 3250 1114 3309 Sullae
1125 3251 1304 3311 dominantis
1314 3272 1386 3332 opes

315 3368 369 3427 pro
384 3348 454 3407 Sex.
465 3347 572 3406 Roscio
586 3346 731 3405 Amerino
745 3346 879 3419 fecimus,
895 3366 977 3424 quae,
992 3355 1026 3405 ut
1039 3348 1104 3421 seis,
1120 3356 1213 3407 exstat
1226 3350 1345 3431 oratio.)

631 3458 752 3525 [Reliqua
763 3458 872 3525 deinceps
877 3460 1072 3528 peruquonur]

315 3641 367 3685 Du
384 3640 467 3685 Vm
483 3640 628 3685 HOMH.
656 3640 850 3693 conoquium.

376 3741 540 3811 D.-Quos
554 3741 634 3820 apud
647 3725 804 3819 scriptores
820 3742 857 3800 de
872 3742 933 3800 vita
945 3742 1054 3801 Horati
1067 3743 1210 3822 legimus?

377 3838 622 3898 M.—Suet0nius
645 3840 678 3897 in
708 3839 784 3897 “De
811 3839 895 3898 Viris
921 3838 1084 3899 illustribus
1094 3841 1112 3869 ’¹
1140 3841 1267 3902 breviter
1294 3845 1385 3902 vitam

315 3945 420 4017 poetae
434 3937 586 4015 exposuit:
608 3936 659 4014 qui
682 3943 779 3994 autem
802 3956 892 4014 opera
909 3937 1017 3995 Horati
1039 3938 1197 4017 diligenter
1217 3940 1302 4019 leget,
1318 3961 1385 3999 eum

316 4036 354 4093 de
368 4034 431 4092 aliis
446 4033 614 4092 auctoribus
627 4032 703 4090 nihil
719 4052 857 4111 quaerere
872 4034 1029 4112 oportebit.

377 4130 528 4189 D.-Scio
550 4111 708 4189 Horatium
730 4148 817 4209 saepe
832 4130 869 4188 de
883 4149 914 4188 se
933 4130 1074 4204 locutum,
1089 4133 1149 4203 sed,
1164 4136 1261 4208 credo,
1283 4155 1385 4213 parum

316 4227 462 4287 distincte.
