3334 5109
345 405 417 468 138
779 413 966 470 Laurus.

339 589 435 640 torum
457 602 497 655 cs,
512 591 543 641 ot
562 601 677 661 semper
697 584 822 660 cupidus
843 584 965 661 juvenes
986 586 1014 643 in
1036 585 1113 641 viam
1134 586 1250 642 virtutis
1270 585 1407 656 ducendi,

337 679 393 738 tibi
407 679 624 758 lectoribusque
638 699 733 738 veram
748 680 879 739 fabulam
900 682 938 740 de
959 701 1057 760 pugna
1076 688 1226 739 taurorum
1241 683 1313 740 urbe
1327 681 1413 738 Dod-

337 778 420 856 gensi
442 778 575 836 narrabo.
618 777 703 836 Multi
725 797 857 836 rumores
877 780 941 837 falsi
962 799 980 836 a
1000 778 1150 837 malevolis
1164 779 1209 836 vel
1226 779 1335 836 invidis
1348 778 1413 835 vul-

337 876 399 954 gati
420 881 497 948 sunt,
512 875 566 934 sed
580 875 691 932 utilitas
705 876 837 934 veritatis
857 886 889 934 et
908 877 1092 935 classicorum
1114 876 1251 934 ludorum
1265 877 1361 954 poscit
1374 882 1411 934 ut

337 973 414 1032 lacta
426 973 569 1031 dicautur.

399 1069 537 1148 ignoscas
560 1069 643 1137 mibi,
658 1070 683 1126 ai
705 1069 831 1127 scribam
854 1070 953 1143 latine,
978 1072 1058 1150 quod
1079 1071 1130 1129 illa
1151 1071 1252 1148 lingua
1275 1078 1320 1128 eat
1343 1070 1409 1128 sola

337 1174 414 1245 apta,
429 1173 462 1224 ut
475 1173 508 1223 tu
522 1164 597 1224 bene
611 1166 677 1242 scis,
691 1166 729 1223 ad
743 1186 872 1246 pugnarn
887 1176 1034 1226 taurorum
1050 1166 1232 1224 narrandam.

398 1261 498 1320 (llaras
518 1281 632 1341 pugnas
652 1282 719 1321 cum
740 1265 831 1322 tauris
852 1265 1020 1323 commissas
1034 1264 1138 1342 priscis
1150 1263 1334 1340 temporibus
1348 1283 1410 1322 non

337 1366 383 1418 est
395 1359 469 1417 mibi
484 1360 513 1416 iu
531 1359 631 1418 auimo
652 1379 881 1420 commemorare
889 1380 992 1433 ;-nee
1013 1380 1073 1438 quo
1093 1361 1185 1418 modo
1208 1359 1300 1418 Jason
1324 1362 1413 1419 sube-

337 1457 414 1536 gerit
426 1465 527 1517 tauros
544 1455 675 1515 flammas
689 1458 878 1536 exspirantes,
893 1477 946 1517 nec
960 1459 1090 1516 Theseus
1108 1457 1308 1516 Minotaurum
1322 1460 1413 1516 inter·

336 1553 447 1614 lecerit
491 1553 554 1612 Nec
574 1554 754 1613 mentionem
777 1556 867 1613 etiam
887 1556 991 1614 faciam
1012 1555 1087 1613 tauri
1109 1574 1197 1633 quem
1215 1573 1293 1633 papa
1306 1569 1409 1614 contra

337 1658 471 1710 cometen
496 1651 643 1730 quondam
668 1651 772 1725 edidit,
787 1672 842 1710 nec
865 1653 1002 1711 adversus
1023 1652 1194 1729 Lntberum,
1207 1671 1262 1710 nec
1283 1652 1411 1710 aliorum,

337 1755 486 1806 taurorum
501 1745 710 1807 vaticanorum.

399 1845 487 1904 Nunc
496 1845 552 1904 erit
559 1845 639 1918 satis,
648 1864 792 1924 superque
801 1845 907 1918 forsan,
916 1866 1044 1924 pugnam
1053 1846 1244 1924 Dodgensem
1253 1844 1410 1923 explicare.

398 1931 522 2021 Magnae
543 1943 659 2002 fueraut
678 1945 917 2021 praeparationes
940 1963 959 2001 a
978 1943 1199 2021 magistratibus
1219 1949 1254 2001 ut
1275 1942 1412 2020 hospites-

338 2039 466 2118 benigne
480 2041 688 2119 acciperentur.
734 2039 878 2113 Webster‚
894 2048 1009 2119 praetor
1022 2041 1150 2100 urbanus
1165 2041 1294 2118 prudens
1307 2040 1360 2111 vir,
1374 2039 1406 2096 in

338 2137 411 2195 cella
430 2144 600 2215 reposuerat
620 2155 756 2214 magnam
778 2138 837 2195 vim
859 2137 978 2215 spiritus
998 2137 1145 2209 frumenti,
1160 2137 1231 2207 vini,
1247 2143 1279 2194 et
1292 2135 1408 2193 validae

337 2235 512 2306 cerevisiae3
534 2253 601 2292 nam
626 2233 700 2292 bene
723 2232 834 2292 sciebat
859 2253 945 2311 quarn
965 2234 1048 2291 valde
1065 2240 1246 2312 spectatores
1263 2232 1321 2290 hoc
1334 2239 1412 2290 tem·

336 2340 409 2410 pore
422 2330 532 2390 vellent
544 2330 653 2390 bibere.

396 2427 562 2487 Benevolus
576 2429 621 2485 vir
633 2428 756 2507 putabat
769 2429 916 2486 nemiuem
927 2428 1034 2486 frustra
1044 2428 1126 2485 sitire
1134 2428 1259 2486 debere!
1292 2427 1411 2484 Hones-

335 2534 383 2584 tus
398 2525 491 2584 Lucas
511 2524 615 2583 Brevis
634 2533 664 2583 et
678 2525 840 2583 confratres
858 2525 948 2583 etiam
967 2532 1208 2602 praeparaverant
1221 2532 1255 2582 ut
1269 2523 1406 2582 custodes

334 2622 425 2682 boum
439 2622 660 2682 delectarentur.
702 2621 814 2682 Omnes
835 2630 990 2701 apparatus
1010 2621 1164 2680 fraudandi
1185 2622 1216 2679 iu
1237 2621 1404 2699 conspicuis

335 2721 408 2780 locis
422 2719 653 2779 ostendebantur
674 2720 804 2778 utnulla
825 2720 941 2777 occasio
962 2719 1073 2776 lucrum
1092 2719 1264 2797 acquirendi
1281 2719 1408 2777 deesset

336 2815 448 2875 Multae
461 2816 575 2896 puellae
589 2817 686 2894 pictae
700 2816 822 2875 aderant
837 2827 869 2875 ut
883 2815 988 2894 pocula
1004 2816 1196 2894 porrigerent,
1211 2816 1408 2874 instrumenta

336 2915 462 2973 musicae
477 2914 622 2993 punirent,
632 2922 663 2972 et
674 2914 738 2972 aliis
753 2914 835 2972 miris
845 2914 942 2971 modis
951 2915 1158 2974 ministrarent.
1198 2912 1405 2971 Marescballus

335 3009 416 3072 urbis
438 3011 527 3068 etiam
548 3018 775 3089 praeparare-rat
819 3009 918 3082 Pueri,
942 3011 991 3087 qui
1016 3010 1107 3069 boves
1125 3010 1305 3082 custodiunt,
1327 3009 1406 3068 dice-

335 3106 488 3179 bant-et
500 3107 551 3186 qui
565 3106 675 3165 debent
687 3107 791 3166 melius
805 3108 879 3165 scire
890 3107 982 3165 l-illi
997 3127 1058 3166 esse
1071 3127 1212 3185 maguum
1225 3107 1333 3164 atrium
1346 3125 1414 3184 quo.

336 3205 546 3282 pulcherrimae
560 3204 672 3282 puellae
687 3195 814 3262 sdlerent
828 3204 1042 3283 elegantissime
1055 3204 1170 3277 saltare,
1182 3212 1214 3262 et
1225 3202 1409 3262 amatoribus

337 3301 505 3360 dulcissima
524 3301 606 3358 basia
625 3301 703 3360 dare.
746 3306 764 3334 ‘⁴
777 3300 830 3358 Ille
851 3319 940 3378 sagax
954 3302 1025 3373 vir‚‘'
1044 3301 1218 3380 inquiabant
1237 3301 1330 3378 pueri,
1345 3301 1405 3359 “iu

337 3397 439 3456 urbem
453 3398 661 3475 importaverat
675 3416 710 3456 eo
731 3405 864 3476 tempore
880 3396 990 3475 puellas
1003 3398 1140 3476 pulchras
1157 3398 1273 3469 multas,
1287 3407 1322 3456 ut
1334 3397 1405 3457 urbs

336 3495 447 3573 gratior
460 3493 596 3553 omnibus
606 3495 708 3552 amicis
723 3493 898 3552 videretur.”
940 3493 1119 3573 Magnopere
1129 3516 1196 3554 eum
1209 3496 1295 3574 pueri
1308 3495 1409 3553 lauda·

335 3591 416 3660 baut
457 3590 575 3648 Nobilis
588 3591 633 3648 vir
646 3601 691 3649 est
705 3591 919 3664 mareschallus,
934 3599 965 3650 et
977 3592 1084 3670 dignus
1097 3592 1187 3652 urbe!

369 3741 374 3747 .
396 3688 532 3768 Quinque
551 3689 628 3747 tauri
642 3688 681 3746 ad
703 3709 831 3767 pugnam
846 3690 985 3748 destinati
999 3691 1091 3768 empti
1104 3699 1195 3749 erant.
1237 3689 1363 3748 Veteres
1375 3696 1411 3748 et

335 3788 407 3846 viles
425 3787 546 3859 scilicet,
561 3786 613 3844 sed
635 3786 760 3844 forsitan
782 3786 914 3846 ferocesl
956 3787 1120 3866 Mugientea
1138 3787 1287 3860 ferociter,
1306 3787 1409 3865 pulve-

335 3903 398 3944 rem
425 3883 614 3962 projicientes
640 3884 715 3941 tauri
739 3903 869 3962 pugnam
898 3885 1097 3964 expectabant
1149 3883 1282 3963 Quisque
1306 3891 1404 3943 custos

335 3968 426 4056 boum
441 3999 508 4039 cum
522 3981 635 4059 optima
648 3968 744 4059 puella
756 3981 789 4038 iu
802 4001 912 4060 magno
925 3981 1140 4061 amphitheatro
1160 3981 1290 4041 sedebat
1332 3979 1411 4038 Τιιι-Ι

336 4077 440 4159 bidom
455 4075 565 4136 flumen
580 4077 700 4158 quidem
714 4079 849 4137 constitit
863 4087 896 4162 ut
909 4088 1055 4137 certamen
1067 4087 1221 4157 spectaret.
1263 4056 1410 4156 Expecta·⁸

336 4175 380 4232 tio
394 4174 508 4252 ingenti
529 4194 579 4232 ore
600 4174 740 4235 inhiabat.
784 4175 890 4247 Subito
911 4176 983 4234 tuba
1001 4176 1076 4234 clare
1096 4176 1205 4234 sonuit.
1247 4175 1360 4234 Taurus
1373 4175 1408 4233 in

337 4291 454 4330 arenam
468 4271 564 4344 saluit,
580 4279 610 4330 et
630 4273 772 4330 instanter
792 4292 895 4331 omnes
916 4273 1089 4331 matadores
1100 4279 1132 4330 et
1151 4271 1304 4351 picadores
1317 4291 1408 4351 super
