3334 5109
360 410 408 463 88
799 412 986 464 LATINE.

406 578 437 628 B,
455 578 535 636 Quam
545 580 634 629 comici
645 578 724 628 serris
735 580 896 627 mendacibus
906 578 1028 641 gaudent!
1056 578 1129 626 Pides
1140 592 1200 641 erga
1207 578 1335 626 dominum
1342 577 1427 625 omnia

358 669 469 710 excusat

407 742 441 792 A.
459 743 523 791 Sane
534 742 641 804 quidem.
676 742 709 789 Hi
720 742 762 789 vix
778 758 810 791 ex
826 742 904 791 oculis
921 742 1036 790 abierunt
1051 756 1109 790 oum
1121 740 1268 803 Pamphilus
1278 741 1349 788 vultu
1360 740 1424 789 irato

358 832 469 887 apparet
504 824 604 873 Putrem
621 824 810 871 inhumanitatis
822 830 930 884 accusat,
942 825 993 885 qui,
1004 839 1032 872 ae
1040 824 1128 883 inrito,
1140 824 1206 871 diem
1217 824 1312 884 nuptiis
1323 822 1425 883 feeerit3

357 907 487 956 'Chremem
500 906 589 955 deinde
600 906 732 967 vituperat,
745 906 789 966 qui
805 906 906 966 quidem
923 907 1050 969 negaverit
1066 921 1094 954 ae
1110 906 1188 954 liliam
1205 906 1329 966 daturum,
1341 910 1428 965 postea

357 997 449 1051 autem,
456 988 536 1051 magis
547 993 576 1035 ut
587 1001 705 1049 sponsum
717 987 798 1035 laedat
810 1002 885 1048 quam
892 1004 998 1051 sponsae
1006 989 1111 1051 placeat,
1123 988 1273 1037 seutentiam
1284 986 1426 1035 mutaverit

357 1070 504 1134 Suspicatur
514 1070 622 1133 puellam
633 1084 688 1118 ease
699 1070 873 1117 deformiorem
882 1085 956 1131 quam
965 1086 1030 1131 quae
1040 1072 1067 1118 in
1075 1071 1262 1118 matrimonium
1270 1070 1328 1118 duci
1338 1069 1424 1132 possit

357 1153 410 1202 Sibi
421 1154 533 1202 intentus
544 1166 595 1200 nou
606 1165 702 1199 servam
714 1156 811 1199 amatae
823 1152 899 1215 videt,
911 1167 975 1213 quae
985 1168 1053 1201 nunc
1063 1154 1141 1201 venit.

406 1234 437 1285 B.
455 1235 521 1283 Num
532 1234 594 1283 haec
604 1248 677 1283 serva
686 1248 743 1283 eum
755 1234 877 1283 consolari
888 1237 991 1297 potest?

406 1316 441 1366 A.
459 1316 561 1365 llinime
571 1322 645 1378 ve'ro;
662 1316 717 1378 ipsa
728 1330 787 1363 cura
798 1318 905 1379 angitur.
939 1316 1085 1378 Pamphilus
1101 1316 1129 1363 in
1145 1321 1243 1377 patrem
1254 1330 1281 1363 ae
1291 1315 1424 1377 praecipue

357 1399 459 1460 invehit,
470 1398 513 1459 qui
524 1403 620 1445 tantam
633 1412 686 1445 rem
696 1403 747 1445 tam
758 1398 919 1461 neglegenter
925 1400 1010 1461 egerit
1045 1398 1119 1446 flunc
1126 1398 1193 1445 enim
1204 1397 1271 1459 apud
1283 1398 1365 1445 iomm
1376 1396 1425 1444 sihi

357 1482 457 1530 obviam
468 1481 608 1529 venientem
624 1480 729 1541 jussisse
740 1480 841 1528 domum
859 1482 934 1542 abire,
946 1486 975 1528 ut
991 1480 1039 1528 hac
1055 1480 1112 1542 ipsa
1131 1480 1171 1528 die
1189 1494 1292 1529 uxorem
1309 1480 1424 1538 duoeret;

357 1564 397 1613 eui
408 1578 485 1625 quam
495 1562 611 1611 oboedire
622 1576 649 1609 ae
660 1561 733 1610 malle
744 1563 828 1623 potius
840 1577 867 1610 se
878 1563 1036 1624 suspendere

406 1646 437 1696 B.
455 1646 543 1695 Nonne
555 1644 636 1693 adhuc
646 1658 743 1693 servam
754 1644 842 1693 videti

405 1728 440 1777 A.
458 1728 515 1777 Non
523 1726 612 1775 hercle
647 1725 715 1775 llaec
725 1731 808 1775 autem
821 1742 872 1776 non
883 1727 1017 1789 impeditur
1027 1728 1162 1788 quominus
1173 1726 1244 1775 illum
1257 1725 1375 1787 appellet.

406 1810 436 1860 B.
454 1809 519 1867 Quid
529 1808 585 1857 vult
596 1811 688 1857 servu?

405 1891 440 1941 A.
458 1890 525 1939 Dicit
542 1890 667 1939 dominam
678 1890 793 1937 miseram
810 1895 837 1937 et
854 1889 985 1938 sollicitam
1002 1905 1065 1952 ease,
1076 1906 1109 1940 ue
1126 1891 1230 1953 nuptiae
1249 1895 1355 1953 negatae
1371 1888 1422 1937 ullo

356 1974 431 2023 modo
442 1973 563 2034 accidant,
575 1973 668 2034 etipsa
678 1972 813 2020 deseratur.

406 2056 436 2107 B.
455 2056 566 2105 Calcaria
576 2054 699 2103 currenti!

404 2137 440 2188 A.
457 2135 603 2199 Pamphilus
610 2142 719 2199 negatae
727 2136 848 2185 feminam
856 2138 919 2184 bene
927 2135 1025 2184 doctam
1034 2142 1060 2185 et
1069 2137 1193 2199 eductam,
1205 2151 1270 2197 quae
1281 2136 1330 2185 sibi
1340 2136 1424 2184 omnia

356 2220 496 2281 crediderit,
507 2234 582 2282 posse
593 2219 712 2267 deserere.

405 2301 436 2351 B.
454 2301 521 2349 Bene
533 2301 600 2350 dicit
635 2300 722 2348 Nonne
733 2315 819 2349 servae
828 2300 970 2348 satisfacit?

405 2385 440 2435 A.
459 2383 528 2433 Haec
538 2390 645 2446 veretur,
656 2388 685 2431 ut
696 2383 762 2445 patri
779 2382 878 2446 cogenti
894 2383 1009 2432 resistere
1025 2384 1113 2446 possit
1149 2382 1286 2433 Confirmat
1297 2383 1422 2432 dominam

356 2480 411 2516 esse
420 2466 529 2530 dignam,
541 2480 605 2526 quae
616 2471 718 2515 ametur.

405 2549 435 2598 B.
454 2549 519 2607 Quid
530 2548 622 2611 plural

406 2630 441 2679 A.
459 2629 604 2691 Pamphilus
620 2630 698 2677 verba
713 2628 839 2690 Chrysidis
849 2629 977 2677 morientis
988 2629 1140 2691 recordatur,
1152 2630 1243 2689 quibus
1254 2643 1372 2690 sororem,
1384 2629 1424 2677 cni

356 2715 390 2763 oh
401 2719 509 2762 aetatem
520 2718 546 2761 et
559 2711 750 2773 pulcritudinem
767 2725 831 2772 opus
849 2717 954 2772 patrono
970 2717 1031 2772 erat,
1043 2711 1092 2759 sibi
1104 2712 1281 2770 mandaverat,
1299 2725 1374 2771 quam
1385 2725 1424 2759 ae

343 2790 454 2858 'ceptam
471 2795 531 2844 dicit
547 2808 575 2843 ae
589 2800 751 2842 serratumrn‘.
786 2792 889 2841 Servum
907 2793 1017 2853 dimittit,
1029 2793 1083 2854 ipse
1100 2793 1132 2841 de
1143 2794 1185 2841 via
1201 2794 1305 2842 decedit
1339 2793 1423 2842 libari·

355 2892 403 2927 nua
420 2877 572 2938 adulescens,
584 2876 627 2937 qui
646 2876 752 2938 puellam
768 2890 784 2923 a
802 2876 932 2937 Pamphilo
943 2882 1052 2937 spretam
1064 2875 1153 2939 diligit,
1169 2890 1226 2924 cnm
1245 2891 1317 2925 servo
1335 2876 1423 2937 Byrria

294 3011 297 3015 ,
356 2960 441 3009 intrat.
476 2960 550 3007 llice'
566 2972 637 3008 servo
649 2958 754 3020 quaerit,
767 2958 789 3005 si
799 2957 946 3005 Philumena
962 2957 1009 3005 hao
1025 2958 1065 3006 die
1082 2958 1215 3019 Pamphilo
1225 2960 1312 3007 nubat
1346 2958 1423 3007 Servo

257 3076 259 3080 ,
354 3056 406 3090 non
424 3047 540 3105 negante,
558 3041 685 3090 fortunam
704 3040 819 3089 miseram
841 3039 959 3102 deplorat
1001 3039 1092 3087 Servus
1111 3045 1204 3101 monet,
1225 3041 1343 3101 quoniam
1362 3041 1422 3101 quid

355 3109 411 3172 vult
428 3124 541 3172 obtinere
559 3128 674 3184 nequeat,
692 3128 721 3170 ut
738 3122 799 3171 velit
815 3122 875 3183 quid
892 3122 987 3184 possit3
1009 3108 1152 3171 ille'autem
1169 3122 1231 3170 nihil
1248 3123 1297 3170 nisi
1315 3122 1422 3184 puellam

355 3204 410 3253 vult
421 3210 447 3254 et
458 3189 615 3266 proverbium
627 3204 694 3265 dicit,
706 3202 812 3252 “Facile
825 3217 918 3265 omnee,
930 3218 1005 3263 quom
1016 3203 1136 3266 valemus,
1148 3210 1217 3252 recta
1227 3204 1331 3253 consilia
1340 3219 1424 3268 aegro

354 3288 389 3337 tis
411 3286 524 3343 damua”
566 3284 611 3333 cui
633 3290 691 3334 ante
712 3284 797 3333 oculos
819 3286 902 3333 subito
927 3285 1072 3348 Pamphilus
1094 3287 1171 3348 venit,
1195 3300 1268 3346 quem
1291 3286 1422 3335 eonsilium

354 3374 434 3434 ‘⁰8⁸‘-
913 3373 916 3379 ’

404 3449 435 3500 Β.
452 3450 570 3511 Fortuna,
581 3448 661 3510 oredo,
673 3448 752 3498 fortes
764 3448 875 3511 adjuvat
903 3448 960 3497 Non
971 3450 1065 3513 dubito,
1074 3450 1136 3511 quin
1148 3450 1294 3512 Pamphilus
1305 3451 1329 3498 ei
1337 3464 1422 3499 aurem

355 3532 505 3600 praebuerit

404 3615 439 3665 A.
456 3614 558 3664 Audies.
587 3613 603 3639 ‘⁸
612 3613 743 3676 Ducisne,”
755 3614 797 3676 ait,
806 3612 900 3662 “hodie
909 3615 1053 3663 uxoreml”
1087 3614 1103 3639 ‘⁴
1112 3614 1216 3676 Aiunt,”
1226 3615 1362 3677 respondet
1371 3614 1421 3665 ille.

355 3697 404 3761 Spe
415 3698 535 3760 dejectus,
545 3701 631 3744 tamen
641 3695 682 3744 hic
693 3696 807 3744 obeeorat
818 3702 847 3743 ut
858 3695 946 3745 saltem
958 3712 1050 3759 paucos
1062 3698 1115 3745 dies
1132 3697 1234 3758 nuptias
1251 3697 1368 3758 differat3
1384 3698 1422 3745 fa·

353 3787 422 3830 tetur
436 3794 464 3829 se
483 3793 601 3841 sponsam
618 3777 684 3825 illiue
704 3792 794 3827 amare.
828 3778 874 3827 Ille
891 3778 999 3828 declarat
1016 3794 1043 3828 se
1059 3779 1162 3841 nuptias
1173 3778 1285 3843 effugere
1295 3780 1357 3827 istas
1367 3785 1421 3827 tam

353 3862 428 3911 malle
438 3877 514 3924 quam
523 3860 598 3909 alium
611 3860 721 3922 adipisci

395 3944 433 3995 “Β.
450 3943 541 3993 Nonne
552 3943 807 4005 interseconjurant,
818 3957 851 3991 ne
861 3944 964 4004 nuptiae
974 3944 1057 3993 fiunti
1412 4000 1421 4015 ,

402 4027 437 4077 A.
452 4024 521 4076 Dum
532 4023 671 4086 consulunt,
683 4024 743 4073 laeti
753 4024 858 4087 Davum,
870 4040 943 4086 quem
959 4041 975 4075 e
990 4026 1069 4074 servis
1080 4026 1267 4086 callidissimum
1280 4028 1421 4091 aestimant,

352 4109 446 4159 rident
602 4172 603 4176 Ἰ
755 4124 759 4129 ’
959 4103 961 4107 ’
1337 4112 1341 4116 ’

402 4191 432 4242 B.
450 4190 515 4249 Quid
524 4204 592 4238 nunc
602 4189 706 4238 Davus?

402 4273 445 4323 A.-
455 4273 547 4321 haus
558 4271 685 4321 dominnm
696 4272 767 4333 petit,
779 4286 806 4320 se
817 4272 931 4319 nuntium
943 4273 1002 4320 boni
1010 4286 1066 4321 esse
1076 4272 1176 4325 clamat.
