3334 5109
332 394 377 445 10
766 392 954 446 LATINE.

326 559 490 638 Rhenoque
511 560 688 618 fluminibus.
730 556 858 635 Campus
879 559 955 617 latus
977 576 1183 634 amoenuaque,
1208 556 1287 615 ultra
1304 575 1392 633 quem
1502 591 1504 595 .

326 658 415 715 series
430 658 573 715 montium
589 654 743 713 humilium
757 655 850 713 rideri
863 662 970 732 potest,
985 658 1062 714 inter
1074 654 1177 712 urbem
1197 654 1393 731 Rhenumque

326 761 416 831 patet.
458 754 554 831 Supra
573 751 676 810 urbem
688 751 816 829 Alpibus
836 759 921 810 tenus
939 762 1008 811 sunt
1030 751 1119 810 colles
1133 752 1241 823 silvosi,
1256 751 1308 828 qui
1323 749 1393 807 olim

326 850 363 909 ab
383 851 524 909 Romanis
538 850 611 907 silva
624 849 775 927 Hercynia
787 851 882 908 vocati
897 858 972 908 sunt
1016 848 1097 909 Urbs
1109 850 1174 926 ipsa
1186 847 1266 926 apud
1280 846 1310 903 N
1311 846 1395 904 ecka-

328 949 366 1005 ris
380 950 474 1026 ripam
488 946 652 1018 australem,
668 966 726 1024 qua
746 946 835 1005 eolles
854 947 942 1024 paulo
956 947 993 1005 ab
1007 947 1087 1005 amni
1101 945 1248 1016 recedant,
1263 941 1395 1001 extendi-

326 1054 375 1102 tur
385 1046 463 1103 eirea
472 1044 532 1101 duo
543 1043 635 1100 millia
648 1062 792 1121 passuum,
804 1042 840 1101 ab
854 1041 974 1101 flumine
987 1051 1086 1101 autern
1096 1042 1126 1100 in
1140 1042 1296 1099 maximam
1311 1039 1395 1097 latitu

327 1141 426 1199 dinem
441 1160 501 1198 non
514 1140 581 1217 plus
596 1159 684 1217 quarn
705 1141 881 1218 quingentos
901 1160 1010 1218 passus
1054 1140 1137 1198 Duae
1151 1138 1215 1195 viae
1235 1138 1342 1214 longae
1356 1135 1393 1193 ab

327 1237 418 1295 altero
441 1237 479 1295 ad
499 1236 622 1295 alterurn
647 1236 735 1295 finem
761 1236 840 1295 urbis
863 1237 1071 1307 extenduntur,
1090 1241 1171 1293 trans
1191 1253 1263 1312 quas
1285 1232 1395 1290 multae

326 1335 487 1412 brevesque
501 1335 564 1391 viae
582 1334 774 1411 trajiciuntur.
816 1334 852 1391 In
873 1333 1010 1406 Neokari,
1025 1334 1104 1391 amni
1124 1332 1238 1409 rapido,
1252 1338 1323 1389 sunt
1335 1330 1395 1387 duo

327 1438 441 1507 pontes,
464 1430 538 1488 alter
562 1449 654 1487 novus
682 1449 718 1488 ex
745 1430 823 1489 ferro
848 1438 982 1503 structus,
1007 1430 1081 1489 alter
1107 1430 1246 1507 antiquus
1267 1434 1396 1485 structus

327 1548 344 1586 e
366 1547 444 1586 saxo.
487 1528 636 1605 Antiquos
656 1548 739 1605 pons,
762 1527 799 1585 ab
821 1536 903 1605 parte
923 1527 1176 1605 Heidelbergensi,
1199 1533 1246 1585 est
1266 1524 1398 1582 munitus

328 1624 442 1682 duabus
456 1624 592 1696 turribus,
608 1626 638 1681 in
653 1624 759 1703 quibus
773 1631 859 1682 notae
872 1624 1029 1702 impressae
1042 1613 1188 1701 plumbeis
1200 1621 1298 1700 globis
1310 1620 1398 1697 jactis

327 1721 479 1779 Gallorum
492 1720 617 1779 ballistis
631 1722 772 1798 igniferis,
782 1722 813 1777 in
826 1720 903 1778 bello
916 1728 985 1779 ante
998 1727 1117 1779 centurn
1126 1721 1189 1778 fere
1196 1713 1292 1777 annos
1302 1725 1395 1795 gesto,

327 1817 388 1895 jam
409 1838 486 1876 nunc
500 1818 593 1875 videri
612 1825 742 1896 possunt
784 1818 965 1875 Exadversus
979 1817 1208 1894 Heidelbergam
1223 1822 1293 1873 sunt
1305 1814 1396 1872 colles

328 1914 478 1986 cubantes,
494 1933 619 1992 quorum
633 1914 701 1971 clivi
716 1914 806 1992 aprici
820 1913 859 1971 ad
871 1920 1001 1971 austrum
1015 1921 1169 1991 vergentes
1183 1912 1276 1970 vineis
1295 1911 1396 1968 messi-

328 2011 440 2089 busque
462 2012 567 2088 spiceis
588 2011 684 2068 ornati
698 2018 773 2082 sunt,
789 2010 841 2068 sed
858 2009 955 2082 colles,
972 2010 1023 2087 qui
1044 2017 1114 2087 post
1134 2009 1236 2067 urbem
1258 2007 1397 2066 arduores

328 2106 505 2185 altioresque
530 2114 664 2184 surgunt,
681 2126 772 2185 usque
794 2107 831 2169 ad
852 2106 973 2183 fastigia
992 2107 1063 2164 tecti
1084 2113 1160 2165 sunt.
1195 2104 1289 2163 Panlo
1310 2123 1398 2181 supra

328 2204 452 2263 alterum
473 2203 560 2262 finem
576 2203 655 2279 urbis
675 2212 720 2262 est
739 2204 877 2263 notabilis
890 2203 1033 2281 quaedam
1054 2223 1113 2274 arx,
1129 2204 1166 2261 de
1180 2222 1239 2280 qua
1254 2202 1312 2260 alio
1326 2208 1399 2259 tern-

329 2322 400 2379 pore
419 2300 550 2359 narrabo.
592 2299 746 2373 Aedificia,
768 2308 802 2359 ut
822 2300 973 2379 Europeae
993 2300 1082 2373 urbis,
1096 2308 1166 2358 sunt
1185 2319 1246 2358 non
1268 2298 1398 2375 antiqua,

330 2400 399 2477 quia
413 2398 556 2476 oppidum
571 2398 669 2456 adres
682 2398 816 2457 militaris
836 2397 976 2475 gerendas
989 2397 1173 2475 aptissimum
1187 2416 1273 2474 saepe
1286 2414 1400 2473 oppug-

330 2504 429 2553 natum
454 2503 506 2567 est,
527 2495 617 2553 semel
637 2496 756 2573 quidem
777 2497 876 2553 omnia
890 2501 969 2553 tecta
983 2503 1099 2571 praeter
1118 2494 1281 2572 hospitium
1304 2511 1395 2549 unum

329 2613 485 2671 arcemque
499 2594 618 2651 incensa
631 2601 706 2652 sunt
749 2593 828 2653 Situs
844 2600 942 2651 antem
956 2612 1104 2664 amoenus,
1116 2592 1209 2649 solum
1224 2591 1332 2662 fertile,
1347 2589 1399 2646 fln-

330 2711 399 2749 men
420 2691 459 2748 ad
479 2710 567 2749 naves
581 2691 726 2748 onerarias
740 2691 876 2749 ferendas
888 2690 1027 2747 idoneum
1041 2689 1176 2748 fecerunt
1188 2699 1223 2747 ut
1235 2687 1305 2746 urbs
1318 2686 1401 2744 resti-

331 2797 470 2848 tueretur.
514 2786 596 2845 Vale.

364 2901 455 2949 Datum
468 2901 646 2963 Heidelbergae
658 2916 679 2949 a.
692 2900 716 2949 d.
728 2900 759 2949 V.
772 2900 829 2951 Kal.
841 2900 907 2963 Sept.

942 3081 1094 3142 hwnruor,
1105 3079 1218 3141 Karous,
1230 3081 1254 3140 8,
1266 3080 1306 3139 al,
1318 3078 1366 3126 ἐι.

333 3147 473 3195 Professori
490 3146 638 3195 Snunwar:

382 3230 471 3278 Paucis
483 3230 570 3277 diebus
581 3229 671 3277 abhinc
682 3228 728 3277 hos
736 3226 885 3276 versiculos¹
897 3228 1006 3277 inclusos
1016 3228 1112 3275 otiosus
1123 3226 1269 3275 scribebam.
1298 3222 1402 3285 Sapphi-

332 3324 389 3358 cum
400 3316 507 3359 metrum
518 3310 586 3358 volui
597 3315 701 3360 tentare.
735 3310 791 3358 Non
802 3324 902 3358 necasse
913 3316 952 3357 ast
968 3310 1094 3372 explicare
1109 3322 1206 3356 musam
1217 3321 1269 3356 non
1279 3321 1320 3355 me
1331 3306 1403 3367 adju-

331 3394 405 3443 visse.
440 3394 490 3442 Res
501 3394 548 3442 hoe
558 3394 675 3443 ostendit
709 3393 750 3441 Ad
760 3398 786 3441 te
796 3393 869 3440 mitto
879 3398 909 3440 ut
924 3380 1105 3453 quemcumque
1120 3391 1221 3439 modum
1232 3390 1301 3439 voles
1312 3403 1400 3451 ponas,

333 3478 349 3503 “
356 3478 410 3526 sive
419 3475 527 3538 flamma,
539 3477 593 3525 sive
604 3476 667 3524 mari
678 3475 739 3524 libet
750 3474 900 3524 Hadriano.”

786 3558 853 3606 Tuus
864 3558 966 3619 amicus,
1131 3556 1160 3606 D.
1178 3556 1210 3605 H.
1228 3556 1367 3604 Roamaorr.

334 3740 361 3790 Τ.
379 3740 410 3788 A
429 3738 469 3788 W.
504 3739 643 3788 Professori
659 3739 687 3788 E.
706 3738 730 3787 S.
748 3738 888 3799 Suuuwrr,
905 3736 930 3787 S.
947 3737 974 3787 P.
992 3736 1037 3786 D.:
1332 3798 1335 3802 η

301 3810 302 3815 ’
385 3822 437 3869 Hos
448 3819 552 3869 versus²
563 3814 594 3869 ad
605 3826 631 3869 te
642 3821 723 3882 mitto,
735 3834 797 3881 quos
808 3819 835 3866 in
844 3824 913 3867 torno
924 3819 1027 3879 antiquo
1038 3818 1128 3867 inveni
1157 3817 1248 3866 'I'omus
1260 3832 1276 3864 a
1286 3815 1403 3877 Philippo

335 3892 454 3953 Pioinello
465 3904 573 3965 scriptus
583 3904 641 3954 fuit.
664 3902 754 3951 Insunt
765 3901 885 3963 versibus,
893 3900 954 3949 mihi
964 3901 1070 3963 videtur,
1079 3900 1200 3962 quaedam
1211 3898 1400 3962 imaginationes

334 3986 460 4049 pulchrae.
494 3986 646 4035 Jamdudum
658 3984 886 4047 interpretationem
898 3983 1027 4047 Anglioam
1038 3983 1123 4031 facere
1137 3986 1241 4030 conatus
1255 3995 1311 4029 snm
1326 3993 1401 4040 quarn

335 4084 435 4131 quoque
446 4069 478 4116 ed
489 4074 515 4117 te
525 4069 605 4118 mitto.
635 4068 727 4116 Multos
738 4080 816 4115 annos
827 4066 918 4115 abhinc
926 4079 981 4115 mos
992 4070 1047 4114 erat
1057 4064 1130 4113 nobis
1140 4064 1171 4111 in'
1178 4063 1264 4112 schola
1274 4060 1404 4123 discipulis

409 4282 410 4285 =
469 4259 553 4309 1ιιι
563 4259 727 4321 oaepuiosr’
997 4254 1273 4305 -wumcoromar
