3334 5109
746 411 934 464 LATINE.
1302 409 1367 461 161

299 585 403 635 senatu
425 579 568 656 populum
591 579 785 651 defenderim,
801 587 836 637 ut
857 579 1078 637 multitudinem
1093 592 1161 636 cum
1182 577 1380 656 principibus,

296 682 463 750 equestrem
487 677 621 735 ordinem
646 696 712 735 cum
737 684 839 734 senatu
861 676 1072 735 coniunxerim.
1095 677 1217 754 exposui
1242 674 1371 732 breviter

298 772 483 831 consulatum
497 793 604 833 meum.
649 773 699 852 (In
714 773 814 832 Pison.
830 771 867 852 ἓξ
883 771 986 853 4-7.)
1004 808 1006 813 -

363 867 429 948 (16)
455 869 524 928 Fuit
546 871 619 929 mihi
642 871 832 929 commodum
853 878 1011 942 curarent
1032 889 1115 927 meae
1137 888 1255 946 quoque
1275 875 1381 926 essent.

300 967 457 1038 orationes
480 987 555 1046 quae
577 966 755 1028 ccmnlnrea
777 967 1004 1025 nominarentur.
1047 965 1178 1035 Quarum
1200 986 1258 1023 una
1278 965 1373 1023 estin

299 1071 404 1120 senatu
418 1062 483 1123 Kal.
496 1063 656 1137 Ianuariis,
678 1064 769 1124 altera
782 1065 820 1122 ad
833 1065 976 1142 populum
989 1053 1028 1123 de
1041 1062 1112 1140 lege
1125 1063 1270 1140 agraria3
1287 1064 1382 1120 tertia.

189 1215 190 1218 ,
298 1158 337 1218 de
352 1158 480 1254 Othone,
497 1169 601 1240 quarta
613 1177 670 1237 pro
691 1160 841 1234 Rabiri03
863 1163 967 1239 quinta
979 1160 1017 1221 de
1031 1160 1272 1236 proscriptorum
1286 1159 1371 1233 tiliis,

299 1264 390 1328 sexta,
405 1275 472 1315 cum
488 1258 669 1335 provinciam
683 1259 715 1316 in
729 1260 868 1318 contione
882 1259 1023 1336 deposui;
1045 1259 1179 1337 septima,
1195 1277 1252 1335 qua
1265 1255 1381 1316 ostili·-

299 1369 374 1412 nam
385 1355 485 1428 emisi3
504 1361 615 1426 octava,
625 1375 713 1432 quam
727 1355 817 1414 habui
832 1356 871 1414 ad
885 1356 1025 1434 populum
1040 1356 1182 1434 postridie
1197 1374 1282 1432 quam
1297 1354 1383 1411 Cati-

299 1450 361 1508 lina
374 1451 523 1530 profugit3
545 1471 625 1510 nona
638 1453 669 1510 in
690 1454 838 1526 contione,
854 1473 912 1531 quo
927 1454 975 1511 die
989 1453 1166 1532 Allobroges
1185 1453 1374 1523 invocarunt3

299 1547 416 1606 decima
430 1549 459 1606 in
475 1555 580 1606 senatu
594 1548 689 1606 Nonis
703 1548 926 1608 Decembribus.
970 1549 1046 1608 Sunt
1059 1557 1210 1627 praeterea
1223 1549 1298 1605 duae
1311 1547 1375 1605 bre·

299 1665 358 1718 ves,
368 1646 453 1723 quasi
467 1644 707 1724 ἀποσπασμάτια
721 1647 794 1725 legis
808 1648 947 1725 agrariae.
981 1645 1087 1727 (Epist
1097 1646 1136 1704 sd
1149 1646 1279 1716 1111161,
1293 1651 1319 1717 1,
1332 1644 1373 1724 3.)

362 1741 429 1823 (17)
449 1741 522 1824 [691
539 1765 572 1796 =
586 1741 640 1823 61]
663 1743 697 1800 16
721 1751 824 1802 senatu
847 1742 990 1801 Kalendis
1012 1743 1155 1800 Ianuariis
1175 1743 1218 1799 sic
1232 1762 1297 1799 cum
1314 1741 1383 1799 Me·-

298 1838 370 1896 16116
392 1839 431 1898 de
453 1858 484 1897 re
506 1838 625 1918 publica
647 1841 854 1918 disputarint
876 1840 999 1898 sentiret
1020 1839 1075 1897 sibi
1091 1859 1156 1897 cum
1174 1840 1235 1896 viro
1249 1839 1321 1896 forti
1343 1846 1374 1896 et

300 1937 447 1994 constanti
462 1955 524 1996 esse
538 1936 731 2016 pugnandum
746 1937 784 1995 A
800 1936 828 1995 d
846 1935 901 1994 Ill.
918 1935 1019 1993 Nonas
1040 1936 1188 1993 Ianuarias
1206 1955 1272 1993 cum
1288 1955 1372 2014 agere
1428 1952 1435 1963 ’

299 2033 454 2111 coepisset,
469 2035 558 2092 tertio
574 2054 692 2113 quoque
706 2033 795 2092 verbo
810 2033 951 2090 orationis
965 2052 1034 2090 suae
1049 2052 1095 2090 me
1109 2031 1284 2111 appellabat,
1299 2030 1379 2088 mibi.

300 2130 485 2204 minabatur;
517 2149 612 2208 neque
640 2131 685 2189 illi
710 2131 872 2208 quidquam
899 2129 1089 2188 deliberatius
1112 2131 1178 2202 fuit,
1204 2149 1290 2207 qnam
1315 2148 1378 2200 me,

301 2247 486 2306 quacumque
509 2229 622 2287 ratione
642 2236 749 2306 posset,
765 2247 824 2285 non
844 2227 954 2284 iudicio
976 2246 1070 2305 neque
1085 2227 1306 2304 disceptatione,
1321 2227 1373 2283 sed

300 2326 330 2382 vi
344 2332 433 2403 atque
454 2326 648 2404 impressione
668 2331 808 2384 evertere.
852 2322 950 2380 Huius
970 2342 1026 2402 ego
1047 2325 1205 2382 temeritati
1226 2325 1250 2380 si
1266 2324 1379 2380 virtute

301 2430 388 2501 atque
403 2424 502 2481 animo
516 2442 577 2480 non
591 2423 781 2480 restitissem:
805 2421 871 2499 quis
884 2428 960 2478 esset
974 2421 1025 2498 qui
1042 2440 1089 2478 me
1103 2421 1133 2477 in
1149 2420 1299 2478 consulatu
1314 2439 1381 2477 666,

300 2539 369 2578 casu
384 2521 483 2598 potius
497 2520 680 2578 existimaret
694 2538 781 2596 quam
796 2518 921 2576 consilio
939 2519 1049 2576 fortem
1064 2517 1172 2576 fuissel
1213 2517 1320 2594 (Epist.
1336 2516 1374 2574 ad

301 2617 395 2676 famil.
412 2625 439 2690 5,
455 2624 483 2690 1,
501 2615 542 2697 8.)
636 2629 638 2632 “

363 2713 430 2795 (18)
457 2711 530 2794 [696
544 2737 578 2767 =
595 2712 646 2794 58]
670 2713 902 2791 Promulgsntur
925 2731 984 2770 uno
1007 2713 1111 2770 eodem
1134 2720 1268 2791 tempore
1291 2731 1383 2789 roga--

302 2811 399 2870 tiones
412 2811 449 2870 ab
464 2812 569 2870 eodem
584 2810 705 2870 tribuno
723 2810 769 2887 (Ρ.
786 2808 908 2890 Clodio)
925 2811 962 2868 de
976 2829 1042 2868 mea
1060 2810 1187 2888 pernicie
1209 2818 1239 2867 et
1259 2810 1296 2867 de
1310 2829 1376 2888 pro

302 2908 407 2967 vinciis
434 2909 588 2967 consulum
617 2908 800 2967 nominatim.
827 2908 877 2965 bic
904 2916 968 2965 tum
993 2915 1112 2966 senatus
1136 2907 1287 2977 sollicitus,
1313 2926 1381 2978 vos,¹

302 3006 417 3084 equites
439 3005 575 3078 Romani,
591 3006 719 3077 excitati,
735 3005 822 3063 Italia
843 3012 949 3062 cuncta
969 3012 1109 3082 permota
1126 3023 1226 3062 omnes
1247 3003 1374 3080 denique

302 3101 435 3161 omnium
455 3121 595 3182 generum
617 3109 706 3180 atque
727 3101 863 3160 ordinum
886 3102 965 3159 cives
977 3120 1118 3158 summae
1139 3102 1181 3158 rei
1203 3100 1336 3177 publicae
1358 3120 1384 3158 a,

302 3199 472 3259 consulibus
485 3205 573 3278 atque
587 3219 605 3257 a
618 3218 734 3256 summo
749 3199 875 3277 imperio
892 3198 1055 3276 petendum
1069 3217 1131 3257 esse
1145 3197 1286 3255 auxilium
1301 3197 1383 3255 arbi--

301 3297 493 3357 trahantur..
516 3341 523 3356 .
547 3341 554 3356 .
576 3295 652 3354 Tum
683 3297 727 3354 vir
754 3294 920 3354 incredibili
948 3294 1014 3367 fide,
1043 3295 1247 3373 magnitudine
1275 3296 1374 3367 animi,

301 3395 475 3467 constantia,
486 3392 523 3454 -Ιι,
540 3393 676 3465 Ninnius,
692 3393 730 3450 ad
752 3400 886 3450 senatum
907 3393 945 3450 de
967 3412 999 3450 re
1021 3392 1140 3470 publica
1160 3393 1274 3451 rettulit
1295 3412 1385 3450 sena-⁴

301 3497 408 3570 tuaque
420 3491 558 3569 frequens
571 3497 683 3548 vestem
698 3508 752 3567 pro
767 3508 833 3547 mea
846 3488 939 3547 saluto
953 3489 1125 3546 mutandam
1134 3491 1255 3549 censuit
1298 3489 1376 3570 (Pro

303 3587 378 3648 Sest
394 3587 433 3669 ἐξ
448 3595 497 3662 15,
513 3590 575 3668 16.)

366 3683 434 3766 (19)
457 3685 528 3744 Erat
549 3685 641 3764 igitur
663 3685 693 3742 in
715 3684 797 3742 luctu
819 3692 946 3754 senatus,
961 3681 1113 3761 squalebat
1132 3684 1234 3741 civitas
1255 3683 1383 3762 publico-

303 3781 429 3841 ccnsilio
457 3789 538 3841 veste
565 3789 695 3858 mutata3
731 3780 844 3838 nullum
872 3788 936 3838 erat
962 3779 1064 3838 Italiae
1091 3781 1283 3858 municipium
1306 3825 1313 3839 .
1336 3826 1344 3841 .
1367 3826 1374 3840 .

224 3923 226 3928 .
303 3871 416 3938 nullum
432 3879 599 3958 conlegium
620 3887 673 3937 aut
693 3878 850 3936 concilium
871 3884 923 3935 ant
940 3878 1060 3935 omnino
1081 3877 1200 3955 aliquod
1222 3896 1376 3936 commune

302 3976 469 4050 consilium,
484 3976 565 4056 quod
578 3981 642 4034 tum
656 3994 716 4033 non
730 3973 1025 4032 honorificentissime
1042 3974 1160 4031 demea
1172 3974 1264 4033 salute
1279 3975 1385 4032 decre·-

302 4072 402 4146 visset,
417 4092 486 4132 cum
510 4071 754 4131 subito'edicnnt
776 4071 836 4130 dno
858 4071 1001 4143 consules,
1017 4080 1051 4129 ut
1073 4071 1111 4128 ad
1131 4091 1215 4129 sunm
1237 4073 1375 4130 vestitum

303 4177 453 4230 senatores
467 4169 606 4229 redirent
650 4165 925 4250 (Ρ168661ἕ81.)

366 4266 438 4349 (10)
453 4267 530 4326 Cum
543 4268 684 4340 viderem,
696 4274 840 4340 senatum,
852 4267 915 4324 sine
926 4286 985 4344 quo
995 4267 1099 4324 civitas
1109 4272 1186 4325 stare
1198 4285 1256 4324 non
1267 4275 1384 4346 posset,
