3334 5109
374 404 423 456 98
808 407 997 460 LATINE.

423 574 455 621 A.
475 573 565 621 Infelix
583 574 761 636 aegritudinem
779 575 834 636 ejus
854 576 997 637 praesentit,
1009 576 1147 636 iterumque
1163 589 1264 624 serrum
1274 574 1356 623 verbis
1372 573 1444 621 easti-

372 663 422 719 gst.
457 656 486 703 In
497 671 571 716 quem
583 656 704 704 Charinus
716 658 790 704 etiam
801 672 828 705 se
840 658 952 706 acerbius
969 658 1078 718 invehit3
1094 658 1180 706 Davus
1191 663 1282 717 eutem,
1294 657 1339 717 qui
1350 657 1443 716 vitupe

374 741 479 787 rationes
499 740 534 786 eri
554 741 676 802 patienter
694 740 758 800 tulit,
777 740 869 788 alienas
889 740 982 787 invitus
1001 741 1098 802 accipit,
1116 745 1142 788 et
1161 739 1330 788 maledicendo
1347 739 1446 786 vincere

373 827 457 869 certat
492 820 637 883 Pamphilus
653 820 782 868 confirmet
801 835 827 870 se
848 821 921 868 iidem
939 836 996 869 cum
1008 822 1103 870 Andria
1118 826 1290 881 senemr-um
1306 833 1406 882 sperare
1417 833 1444 867 se

375 903 527 961 effecturum,
540 908 568 950 ut
583 909 654 963 pater
665 917 709 963 per
720 917 747 950 se
759 903 857 950 stetisse
873 917 924 951 non
940 903 1031 964 credet,
1043 903 1176 964 quominus
1187 903 1290 964 nuptiae
1301 902 1370 962 fient,
1382 916 1445 961 quas

375 991 458 1047 aperte
470 991 647 1044 recusaturum,
660 985 708 1032 uisi
720 986 806 1033 melius
818 987 903 1047 possit

422 1065 451 1114 B.
471 1065 526 1113 Non
538 1079 639 1126 possum
650 1066 732 1114 facere
744 1069 803 1128 quin
814 1069 880 1116 servi
891 1069 1013 1116 miserear.

423 1149 456 1196 A.
475 1147 530 1196 Non
548 1148 615 1196 omui
635 1162 679 1210 spe
697 1149 818 1210 dejicitur.
853 1149 941 1198 Subito
957 1149 1086 1209 exclamat,
1099 1148 1229 1196 consilium
1247 1163 1340 1196 norum
1357 1147 1405 1195 sibi
1416 1147 1442 1193 in

374 1237 481 1278 mentem
493 1231 582 1290 venire,
595 1230 661 1290 quod
678 1231 786 1278 nondum
803 1231 883 1280 dicere
895 1233 960 1280 velit
995 1231 1116 1279 Charinus
1129 1231 1247 1290 exsultat,
1259 1231 1331 1290 quasi
1342 1229 1445 1277 victoria

374 1320 459 1377 parta,
477 1313 560 1360 Davus
572 1319 654 1361 autem
666 1314 781 1374 declarat,
794 1315 859 1374 quod
871 1315 898 1362 in
909 1315 992 1363 animo
1002 1314 1100 1373 habeat,
1110 1318 1139 1360 ut
1149 1313 1281 1374 Pamphilo
1291 1313 1378 1374 prosit,
1386 1311 1445 1360 alte·

375 1398 425 1444 rius
436 1395 496 1442 nihil
509 1396 606 1444 referre.
636 1396 780 1457 Pamphilus
791 1397 894 1458 decedit,
904 1403 933 1444 ut
943 1410 1060 1458 sponsam
1071 1395 1220 1457 consoletur,
1232 1394 1354 1442 Charinus
1365 1395 1444 1454 sequi-

375 1484 422 1536 tur,
434 1491 505 1524 serva
516 1483 541 1524 et
552 1491 638 1524 servus
650 1484 757 1526 manent.

423 1559 452 1606 B.
471 1559 558 1607 Nonne
571 1559 654 1606 Davus
665 1574 748 1608 servae
759 1560 888 1608 consilium
900 1561 999 1622 aperit?

423 1642 456 1689 A.
476 1641 591 1702 imperat,
604 1648 632 1689 ut
643 1656 746 1702 puerum
758 1657 772 1689 e
782 1642 857 1690 domo
873 1649 999 1703 portatum
1015 1649 1074 1690 ante
1089 1642 1192 1704 januen
1207 1641 1316 1690 Simonis
1326 1645 1447 1702 apponat

375 1724 428 1781 Quo
439 1724 492 1772 sine
504 1738 573 1772 more
584 1724 660 1783 fecto,
673 1723 788 1772 Chremes
805 1723 954 1786 improvisus
965 1725 1039 1785 venit,
1051 1725 1095 1785 qui
1111 1725 1213 1786 nuptias
1223 1729 1326 1786 perstas
1336 1723 1441 1770 nuntiet

375 1807 481 1854 Puerum
493 1806 567 1865 videt,
579 1807 690 1866 miratur,
703 1821 734 1853 ex
744 1805 833 1854 ancilla
843 1807 947 1867 quaerit,
959 1821 1020 1854 num
1030 1807 1073 1855 ille
1089 1807 1156 1854 hunc
1172 1807 1291 1868 posuerit
1325 1805 1373 1854 Ille
1382 1805 1444 1852 nihil

375 1889 456 1949 hebet,
469 1889 535 1948 quod
553 1888 634 1948 dicat,
651 1889 779 1936 consilium
797 1904 812 1935 s
828 1889 898 1937 Devo
914 1895 1049 1950 exspectat,
1064 1890 1115 1950 qui,
1127 1890 1164 1936 ira
1182 1888 1306 1949 simulata
1323 1887 1439 1948 exquirit,

374 1973 445 2034 cujus
457 1972 489 2018 sit
501 1985 567 2032 puer.
603 1970 678 2018 Serva
689 1972 827 2033 respondet,
840 1972 970 2034 Pamphili.
1004 1971 1089 2020 Davus
1102 1986 1158 2020 eem
1169 1971 1329 2020 vehementer
1338 1971 1443 2030 incuset,

375 2053 441 2114 quod
452 2053 477 2099 in
489 2053 535 2100 hac
546 2068 573 2100 re
584 2053 724 2102 mentietur.

424 2134 453 2184 B.
472 2136 594 2191 Quorsum
606 2136 671 2184 hoel

425 2219 458 2266 A.
477 2218 566 2278 Credit,
589 2232 666 2280 puero
688 2219 749 2278 viso,
769 2219 898 2267 Chremem
916 2232 966 2265 non
985 2217 1061 2266 filiam
1080 2218 1204 2267 daturum.
1239 2217 1307 2266 Dicit
1324 2223 1445 2277 tunquam

375 2315 441 2360 casu,
454 2314 480 2348 se
497 2301 619 2347 audivisse
631 2299 769 2362 Glycerium
780 2302 859 2348 civem
870 2301 980 2348 Atticam
997 2314 1057 2348 esse.
1092 2299 1147 2348 Hoc
1163 2300 1257 2361 audito,
1269 2299 1387 2348 Chremes
1404 2313 1445 2347 ex·

375 2383 472 2442 clamat,
485 2397 557 2442 quem
570 2382 653 2429 Davus
666 2397 730 2430 nunc
742 2382 848 2444 primurn
859 2383 941 2431 videre
952 2381 1059 2430 simulet.

425 2464 454 2513 B.
472 2464 553 2521 Qusre
564 2465 706 2512 exclamet?

424 2548 458 2595 A.
477 2547 584 2610 Legibus
596 2549 686 2595 Atticis
698 2553 795 2609 oportet
807 2548 964 2609 Pamphilum
977 2546 1115 2608 Glycerium
1126 2560 1230 2595 uxorem
1241 2545 1338 2595 ducere.

424 2630 454 2680 B.
472 2629 494 2677 N
496 2644 545 2677 unc
555 2629 685 2678 consilium
696 2630 759 2676 servi
771 2629 888 2691 intelligo.
916 2628 1073 2691 ⁴Intelligitne
1083 2630 1173 2676 sewu

425 2714 458 2761 A.
478 2712 549 2760 Nunc
560 2712 667 2761 tendam.
692 2710 780 2773 Culpat
791 2726 855 2773 eum,
864 2711 907 2772 qui
918 2711 966 2758 sibi
977 2711 1116 2772 pmdioere
1124 2710 1241 2772 potuerit,
1254 2709 1314 2770 quid
1324 2709 1352 2756 in
1361 2708 1445 2756 animo

377 2795 496 2842 habuerit.

425 2876 455 2925 B.
473 2875 600 2932 Quomodo
612 2875 696 2922 Davus
707 2889 734 2923 se
746 2875 875 2923 defendit?

425 2960 459 3007 A.
478 2959 542 3006 Dicit
559 2958 664 3004 multum
684 2958 808 3017 interesse,
827 2958 937 3005 faciasne
955 2957 1038 3004 omnis
1054 2971 1086 3004 ex
1103 2956 1187 3004 animo
1203 2970 1236 3003 an
1250 2955 1282 3004 de
1303 2955 1443 3016 improviso.

377 3041 433 3090 Nou
445 3046 523 3102 putat,
535 3039 615 3100 credo,
628 3040 741 3086 futurum
752 3039 829 3087 fuisse
841 3045 870 3086 ut
880 3054 952 3087 serva
968 3038 1042 3088 talem
1059 3037 1271 3100 perturbationem
1284 3037 1361 3084 enimi
1371 3037 1447 3084 simu-

376 3124 426 3172 lsre
438 3123 565 3184 potuisset

425 3204 455 3252 B.
474 3204 506 3252 Et
517 3209 589 3251 recte.
626 3202 689 3260 Quid
700 3209 783 3251 tarum
794 3203 885 3265 plural

425 3288 458 3334 A.
477 3287 551 3346 Crito,
564 3285 759 3348 consanguineus
771 3291 796 3333 et
807 3286 878 3334 heres
890 3285 1015 3347 Chrysidis
1026 3290 1145 3345 mortuae,
1153 3283 1240 3332 Andro
1251 3284 1327 3344 venit,
1339 3289 1368 3330 ut
1378 3283 1448 3331 here·

376 3369 477 3417 ditatem
495 3373 663 3430 persequatur.
697 3366 753 3414 Non
770 3367 824 3414 vult
841 3367 987 3429 Glycerium,
1004 3382 1068 3428 quae
1083 3381 1154 3416 soror
1169 3372 1283 3416 mortuae
1299 3366 1444 3426 hebebatur,

376 3451 525 3514 despoliare,
543 3450 590 3498 scit
601 3457 684 3498 autem
696 3450 718 3498 ei
729 3455 847 3512 cognatos
857 3450 885 3497 in
895 3450 980 3498 Attica
996 3464 1057 3511 esse,
1069 3463 1133 3510 quos
1148 3454 1234 3511 sperat
1246 3463 1302 3497 eam
1313 3448 1443 3496 invenisse.

377 3534 445 3583 llaec
455 3547 511 3581 cum
523 3533 600 3580 servis
611 3533 782 3580 communicat

425 3615 455 3664 B.
473 3615 557 3663 Davus
569 3613 707 3676 Glycerium
719 3614 827 3662 Atticam
840 3628 895 3662 esse
905 3615 984 3662 civem
994 3613 1046 3676 jem
1057 3613 1153 3675 pridem
1163 3613 1287 3676 cognorit,
1298 3615 1401 3662 nounel

425 3696 459 3744 A.
477 3696 518 3743 Ita
534 3710 606 3755 vero;
627 3709 678 3743 rem
695 3697 880 3756 comprobatam
898 3694 978 3743 laetus
996 3695 1073 3744 audit.
1107 3694 1179 3743 llere.
1194 3709 1240 3757 spe
1257 3694 1345 3756 elatus,
1357 3694 1446 3742 adven·

376 3785 430 3828 tum
442 3777 548 3826 Critonis
559 3776 652 3825 Simoni
663 3783 689 3825 et
700 3776 804 3838 Chremi,
816 3777 908 3837 quihus
919 3792 970 3825 une
979 3777 1093 3839 occurrit,
1105 3777 1211 3826 nuntiat
1246 3777 1334 3825 Tristis
1345 3777 1444 3837 veritas,

376 3862 417 3923 ait,
430 3863 456 3909 in
467 3860 536 3908 vulto
547 3865 572 3908 et
584 3859 645 3907 fides
656 3861 682 3906 in
693 3861 774 3907 verbis
786 3860 841 3921 ejus
852 3860 923 3909 inest.

425 3943 454 3992 B.
472 3943 575 4002 Invitus,
588 3942 668 4002 eredo,
681 3955 756 3990 senex
767 3943 882 3990 nuntium
894 3942 1000 3991 Critonis
1011 3944 1107 4006 accipit.

424 4026 458 4074 A.
477 4025 534 4073 Non
551 4025 653 4072 modum
670 4025 720 4072 iree
736 4024 819 4074 babet.
854 4025 933 4074 dubet
950 4026 1076 4074 ministros
1092 4026 1190 4075 stum
1201 4039 1288 4087 repere
1298 4029 1325 4073 et
1334 4025 1447 4072 vinctum

375 4110 479 4158 auferre.
514 4108 580 4156 Dicit
591 4113 616 4156 et
627 4107 685 4154 huic
696 4112 852 4155 ostentumm
863 4122 938 4168 quam
950 4109 984 4156 sit
994 4108 1159 4170 periculosum
1169 4107 1298 4157 dominum
1312 4105 1408 4167 fallere,
1419 4112 1447 4155 et

375 4191 425 4239 filio
437 4196 539 4253 patrem.

424 4271 454 4322 B.
472 4272 561 4320 Nonne
571 4270 651 4318 filium
663 4271 772 4333 graviter
782 4271 940 4333 virtuperati
