3334 5109
776 418 963 470 LATlNE.

579 584 710 643 Horrens
723 583 847 642 canitiei
889 581 955 652 Nai,
971 579 1113 638 volubiles

578 682 608 740 A
622 701 680 759 qua
692 680 831 739 desiliunt
844 698 905 737 non
918 679 981 736 sine
994 697 1143 736 murmure

618 777 776 855 Lymphae,
790 796 842 834 cur
856 775 929 834 levis
943 793 1044 833 urnam

657 873 760 932 Cessas
774 875 903 932 verteret
944 872 1017 930 Fors
1030 871 1105 930 mihi

578 1018 734 1089 Quaerenti
748 1019 878 1099 gelidum
892 1039 945 1098 per
958 1038 1060 1076 nemus
1075 1017 1162 1075 obvia

579 1115 753 1196 Splendebis
766 1117 852 1175 niveo
866 1136 1010 1175 marmore
1024 1115 1126 1194 purius

620 1214 748 1273 Frondes
762 1214 839 1272 inter
853 1221 884 1272 et
897 1214 993 1271 ulvam

659 1311 806 1372 Conversa
819 1312 849 1369 in
863 1309 989 1390 glaciem
1004 1309 1067 1367 dea

579 1457 680 1528 Qualis
693 1459 763 1518 dnm
778 1457 876 1516 Niobe
889 1457 987 1536 ploret
998 1453 1139 1513 amabiles

578 1555 691 1614 Gnatos
704 1563 734 1614 et
747 1555 884 1633 lacrymis
896 1555 983 1612 busta
996 1552 1075 1611 lavat
1088 1552 1149 1610 suis

621 1651 655 1710 In
669 1652 817 1731 pulchram
831 1652 988 1730 lapidescit

661 1749 769 1808 Luctus
782 1748 909 1827 effigiem
923 1749 975 1827 pii.

658 1862 799 1912 Promea
815 1862 929 1924 Wnsor,
940 1861 1033 1925 Kinp’s
1048 1858 1147 1923 Oollsye,
1165 1857 1287 1920 mmm,
1299 1855 1334 1908 N.
1348 1857 1373 1906 S

343 2030 476 2076 moneo.
503 2031 588 2084 [pm
599 2033 703 2085 sem]

403 2133 470 2215 (26)
489 2134 561 2214 [703
577 2159 610 2188 =
625 2133 678 2214 51]
696 2134 734 2193 Et
747 2144 850 2193 contra
862 2133 1043 2192 voluntatem
1062 2140 1202 2191 meamet
1219 2139 1335 2210 praeter
1346 2133 1411 2210 opi·

342 2234 460 2291 nionem
482 2232 598 2303 accidit,
613 2239 647 2290 nt
668 2231 740 2290 mibi
760 2251 826 2290 cum
848 2231 1023 2308 imperiola
1045 2231 1224 2308 provinciam
1245 2229 1406 2310 (Ciliciam)

342 2328 487 2407 proficisci
502 2348 618 2388 necesse
633 2335 716 2389 esset
759 2328 865 2409 (Epist
880 2328 920 2387 ad
934 2327 1022 2385 lamil.
1038 2333 1066 2399 3,
1081 2333 1110 2398 2,
1127 2326 1169 2405 1.)

404 2424 471 2505 (27)
487 2425 615 2484 Maxima
634 2427 852 2505 exspectatione
874 2426 907 2482 in
926 2424 1071 2502 perditam
1085 2431 1117 2482 et
1129 2424 1215 2501 plane
1228 2443 1357 2482 eversam
1378 2425 1408 2482 in

340 2530 514 2602 perpetuum
525 2523 705 2600 provinciam
716 2542 769 2581 nos
779 2524 893 2582 venisse
903 2522 978 2580 scito
988 2520 1083 2599 pridie
1097 2519 1164 2579 Kal.
1175 2519 1302 2593 Sextilis,
1316 2539 1411 2579 mora·

341 2628 388 2678 tos
402 2620 532 2678 triduum
546 2619 717 2691 Laodiceae,
731 2620 863 2678 triduum
872 2617 1031 2697 Apameae,
1043 2617 1168 2676 totidem
1182 2619 1245 2676 dies
1259 2617 1407 2696 Synnade.

341 2716 519 2776 Audivimus
540 2715 612 2775 nihil
633 2717 712 2776 aliud
732 2717 788 2774 nisi
808 2717 960 2774 civitatum
974 2715 1111 2793 gemitus,
1125 2716 1264 2794 ploratus,
1279 2724 1411 2774 monstra

342 2814 485 2892 quaedam
500 2833 559 2872 non
573 2813 708 2886 heminis,
723 2814 775 2872 sed
788 2813 868 2872 ferae
877 2813 1071 2872 nesciocuius
1083 2814 1228 2872 immania
1264 2812 1411 2871 levantur

341 2919 440 2970 tamen
455 2911 578 2988 miserae
592 2911 737 2986 civitates,
752 2910 832 2988 quod
844 2910 942 2968 nullus
956 2909 991 2968 lit
1010 2917 1144 2989 sumptus
1157 2910 1188 2966 in
1202 2929 1257 2968 nos
1270 2929 1365 2988 neque
1378 2910 1410 2966 in

342 3007 455 3086 legatos
480 3025 575 3084 neque
599 3007 629 3064 in
654 3015 836 3085 quaestorem
854 3026 950 3084 neque
973 3007 1004 3064 in
1028 3024 1223 3085 quemquam,
1253 3009 1329 3064 scito
1349 3025 1409 3063 non

343 3105 435 3163 modo
447 3124 502 3162 nos
515 3104 637 3162 foenum
650 3111 701 3162 eut
715 3103 794 3180 quod
808 3104 846 3162 de
859 3103 924 3182 lege
939 3102 1016 3162 Iulia
1027 3103 1093 3162 dari
1106 3103 1183 3162 solet
1196 3123 1256 3162 non
1268 3104 1409 3181 accipere,

343 3200 396 3258 scd
410 3220 448 3259 ne
461 3201 544 3280 ligna
556 3201 684 3279 quidem,
699 3219 752 3259 nec
765 3208 880 3279 praeter
891 3207 1032 3278 quattuor
1040 3199 1133 3260 lectos
1145 3208 1177 3258 et
1186 3207 1298 3260 tectum
1312 3219 1413 3278 quem·

344 3317 432 3376 quam
454 3299 587 3376 accipere
609 3299 772 3377 quicquam,
786 3297 888 3356 multis
907 3297 981 3356 locis
1002 3317 1040 3356 ne
1059 3306 1169 3358 tectum
1184 3298 1313 3376 quidem,
1327 3305 1360 3356 et
1378 3299 1410 3354 in

342 3394 530 3454 tabernaculo
544 3415 661 3454 manere
674 3395 852 3474 plerumque.
894 3393 999 3473 Itaque
1015 3395 1216 3455 incredibilem
1237 3397 1268 3454 in
1288 3395 1409 3454 modum

342 3509 501 3550 concursus
523 3491 597 3548 liunt
618 3511 654 3550 ex
675 3492 760 3569 egris,
775 3511 810 3549 ex
824 3492 905 3564 vicis,
920 3511 956 3550 ex
970 3492 1109 3551 domibus
1121 3493 1276 3566 omnibus3
1296 3492 1410 3552 meher-

342 3587 407 3646 cule
429 3589 519 3647 etiam
541 3589 669 3647 adventu
690 3596 790 3648 nostro
811 3590 990 3648 reviviscunt
1011 3590 1132 3662 iustitia,
1153 3590 1340 3663 abstinentis,
1355 3590 1412 3649 cle·

342 3685 454 3743 mentia
473 3685 517 3742 tui
530 3682 697 3744 Ciceronis:
717 3685 760 3743 ita
779 3686 933 3763 opiniones
954 3686 1087 3744 omnium
1100 3688 1258 3764 superavit
1301 3686 1410 3767 (Epist

345 3781 383 3838 ad
397 3780 490 3842 Attio.
507 3787 534 3853 5,
551 3786 598 3853 16,
613 3787 630 3838 2
646 3790 676 3840 et
689 3780 732 3862 3.)

407 3876 474 3958 (28)
490 3877 648 3946 Quaerenti
661 3878 733 3936 mihi
748 3879 932 3957 multumque
950 3886 981 3938 et
1000 3880 1052 3938 diu
1066 3881 1218 3959 cogitanti,
1234 3899 1360 3959 quanam
1379 3901 1411 3939 re

346 3994 463 4054 possem
477 3974 616 4057 prodesse
630 3994 716 4053 quam
730 3975 872 4053 plurimis,
886 3995 924 4035 ne
938 3978 1057 4055 quando
1070 3978 1295 4038 intermitterem
1310 3997 1416 4036 eonsu-

346 4072 407 4131 lere
429 4072 472 4130 rei
497 4070 639 4151 publicae,
663 4072 742 4130 nulla
763 4073 858 4131 maior
880 4072 1053 4134 occurrebat
1071 4094 1158 4154 quam
1183 4075 1210 4132 si
1234 4076 1415 4154 optimarum

348 4169 455 4228 mnam
467 4169 530 4226 vias
542 4168 687 4226 tradereln
701 4170 774 4228 meis
787 4171 916 4245 civibus3
937 4171 1018 4249 quod
1036 4172 1238 4251 compluribus
1257 4173 1316 4230 iam
1330 4172 1417 4231 libris

347 4286 396 4325 me
418 4265 543 4325 arbitror
564 4275 770 4326 consecutum:
790 4287 859 4326 nam
881 4276 912 4327 et
932 4268 1079 4331 cohortati
1101 4289 1210 4342 sumus,
1232 4277 1267 4328 ut
1286 4270 1415 4328 maxime
