3334 5109
806 410 994 461 LATINE.

491 578 602 636 Audire
617 577 686 633 hinc
701 576 807 633 Divam
823 577 937 633 cunctis
951 583 981 632 et
995 594 1112 631 cernere
1127 574 1249 645 datum,

609 672 761 730 Prominet
776 671 884 729 Herois
897 671 981 728 fusca
995 671 1094 727 carina
1108 670 1237 747 quidem.

491 817 569 875 Hinc
584 824 678 873 castra
691 814 792 891 Ajacis
807 815 914 872 mediis
928 815 1066 891 imposita
1080 815 1209 891 campis:

610 912 688 968 Hinc
704 911 798 969 Fortis
814 931 926 991 puppes
942 911 1161 989 Haemoniique
1177 919 1288 969 natant

486 1056 566 1115 Cum
581 1055 677 1113 subito
692 1054 871 1113 horrendum
886 1056 1042 1113 clamorem
1058 1056 1096 1113 ad
1110 1057 1207 1113 sidera
1220 1055 1315 1113 tollit:

611 1152 740 1210 Auribus
755 1151 884 1211 Inachiis
899 1173 954 1211 vox
969 1154 1132 1230 animisque
1147 1152 1225 1210 furit.

488 1297 620 1356 ¹Suscitat
632 1298 745 1376 Argivo
759 1298 833 1356 tales
847 1300 879 1357 in
894 1308 1013 1378 pectore
1028 1298 1169 1369 flammas,

612 1393 658 1455 Ut
672 1396 802 1473 quisquis
816 1408 918 1475 poscat
931 1395 1038 1454 bellica
1051 1395 1137 1473 signa
1150 1395 1241 1472 sequi.

493 1538 599 1597 Dulcia
612 1539 654 1597 sic
668 1546 805 1597 resonant
819 1546 890 1597 tnnc
905 1558 1006 1616 aspera
1020 1539 1141 1595 nomine
1156 1538 1269 1610 Martis,

613 1634 658 1695 Ut
671 1642 789 1713 spernat
803 1654 885 1694 caros
901 1636 1023 1714 quisque
1040 1635 1139 1693 videre
1153 1655 1230 1693 suos.

494 1780 588 1838 Mittit
601 1778 722 1837 Atrides
735 1799 846 1838 vocem.
869 1824 876 1838 .
899 1825 906 1838 .
928 1825 935 1838 .
958 1780 1016 1838 Res
1031 1799 1085 1837 nec
1099 1798 1188 1838 causa
1202 1784 1342 1837 moratur.

613 1875 680 1955 Ipse
694 1895 753 1933 una
766 1877 854 1935 sociis
868 1896 948 1935 arma
962 1883 1081 1935 cruenta
1094 1883 1186 1955 parat.

499 2026 560 2084 lam
574 2026 671 2085 laeves
684 2046 783 2085 ocreas
797 2028 907 2085 electro
922 2046 1051 2105 auroque
1065 2035 1182 2085 recocto

615 2123 735 2183 Fibulae
749 2126 775 2182 ei
790 2125 900 2183 circum
916 2144 999 2183 crura
1013 2124 1162 2203 pedesque
1177 2124 1256 2201 ligan
1262 2130 1282 2180 t.

491 2269 619 2328 Pectore
634 2269 772 2327 scintillat
785 2270 874 2327 radiis
888 2270 979 2327 lorica
992 2268 1129 2339 coruscis,
1172 2346 1175 2351 ι

617 2364 710 2434 Quam
725 2364 849 2444 Cinyras
863 2364 968 2423 tribuit
982 2384 1101 2422 munere
1116 2362 1299 2421 munifico—

492 2480 572 2575 Oum
587 2517 713 2597 primum
729 2516 827 2596 Cypro
842 2516 973 2595 vulgavit
987 2516 1076 2573 Fame
1090 2534 1143 2593 per
1157 2515 1249 2572 altum

618 2613 732 2672 Classes
746 2614 900 2693 Argolicas
914 2614 1058 2692 Pergama
1072 2614 1151 2670 adire
1167 2613 1270 2684 salum,

494 2751 566 2830 lpse
579 2750 634 2809 hac
649 2750 764 2809 ornavit
776 2750 869 2809 lorica
881 2751 1105 2828 Agamemnona
1119 2769 1228 2827 regem,

619 2847 750 2927 Pignora
763 2848 840 2925 grati
853 2848 942 2905 animi
957 2867 1012 2905 ceu
1024 2848 1155 2925 pretiosa
1169 2848 1223 2904 sni.

498 2993 583 3052 Fulvi
596 3012 722 3071 namque
737 2992 839 3050 decem
854 2992 1013 3070 squammis
1028 2993 1192 3070 pertexitnr
1208 2992 1282 3049 aeris

619 3089 729 3169 Bisque
743 3090 845 3148 decem
861 3090 956 3147 stanni
972 3089 1080 3147 nobilis
1095 3090 1150 3146 iste
1166 3089 1266 3159 labor3

501 3226 545 3284 Ex
559 3244 628 3284 auro
643 3225 751 3303 obryzo
766 3224 903 3283 duodena
915 3230 1081 3282 toreumata
1094 3222 1216 3302 pulchre

622 3320 772 3381 Caelatum
787 3322 884 3380 ditant
897 3321 1109 3400 perficiuntque
1124 3321 1220 3378 decus.

500 3466 636 3539 Ornata,
651 3465 730 3524 hand
744 3485 827 3524 secus
840 3486 874 3523 ac
889 3465 944 3523 Iris
961 3465 1064 3546 (quam
1077 3465 1195 3544 Jupiter
1208 3465 1276 3523 altis

623 3562 758 3621 Nubibus
771 3561 921 3641 immittit)
938 3564 1018 3641 pacis
1031 3563 1126 3620 amica
1140 3570 1219 3634 nota,

503 3701 641 3759 Extrema
653 3708 775 3779 utraque
790 3700 901 3759 ahenos
914 3708 974 3758 tres
987 3705 1146 3756 tenuantur
1160 3700 1192 3756 in
1206 3718 1325 3776 angues,

623 3797 668 3857 Ut
681 3798 776 3857 rutilis
789 3798 905 3876 possint
918 3797 994 3855 colla
1007 3797 1108 3854 fovere
1122 3796 1227 3875 globis.

500 3934 690 3993 Gemmatum
704 3935 830 4013 scapulis
844 3934 975 4013 gladium
988 3934 1144 4011 suspendit
1158 3941 1295 4003 acutum;

623 4031 745 4090 Solicita
757 4032 833 4091 celat
846 4032 976 4110 tegmine
992 4051 1061 4089 cura
1074 4032 1177 4089 aciem.

503 4169 550 4228 Ex
564 4168 658 4228 solido
672 4177 794 4249 argento
809 4177 924 4229 constat
938 4171 1045 4248 vagina
1059 4188 1188 4242 corusce,

593 4326 595 4332 ,
625 4266 740 4326 Aureus
754 4268 792 4327 ad
804 4268 921 4327 lumbos
934 4268 1036 4345 alligat
1048 4286 1140 4325 uncus
1155 4286 1227 4325 eam
