3334 5109
764 385 904 437 124
1631 387 2004 439 LATINE.

752 554 1009 631 ipsorum
1041 554 1272 631 linguae
1314 553 1388 611 ab
1418 573 1517 611 ore
1545 554 1735 612 alieno
1763 555 1886 612 fere
1928 555 2127 612 omnia
2162 554 2497 631 accipimuS.
2586 553 2792 630 Neque
2821 571 2890 609 ea

752 652 828 709 de
871 671 1042 709 causa
1085 651 1472 729 improbanda
1512 660 1601 709 est
1642 651 1783 709 haec
1826 651 2205 722 consuetudo,
2237 649 2398 727 quod
2439 649 2642 727 lingua
2683 648 2891 707 Latina

749 749 870 826 jam
901 749 1126 826 pridem
1159 750 1232 806 de
1263 768 1369 805 usu
1399 748 1699 805 cotidiano
1728 756 2021 827 tamquam
2054 748 2127 805 de
2156 748 2278 805 vita
2305 747 2635 806 decesserit.
2721 745 2785 803 Si
2813 747 2888 804 de

751 844 873 901 vita
899 845 1164 915 decessit,
1198 845 1279 901 ita
1320 845 1570 902 decessit
1614 853 1679 902 ut
1721 845 1874 901 vires
1919 843 2122 901 vitales
2165 863 2281 901 non
2326 844 2637 901 amitteret.
2724 843 2888 901 Nihil

751 941 880 1018 ipsa
906 942 1118 998 amisit.
1177 941 1518 999 Amiserunt
1547 942 1616 1012 ei,
1648 941 1695 997 si
1728 941 1871 1017 quid
1891 950 1981 997 est
2008 941 2302 1012 amissum,
2330 941 2430 1018 qui
2459 939 2668 997 Latine
2697 938 2888 1016 legere

751 1039 1088 1096 omiserunt.
1174 1036 1376 1105 Qualis
1424 1044 1548 1094 erat
1591 1037 1722 1095 talis
1763 1038 2068 1094 immutata
2113 1044 2327 1103 manet,
2374 1036 2552 1094 hodic
2595 1054 2778 1113 aeque
2822 1055 2889 1093 ac

750 1133 893 1191 olim
920 1134 1133 1212 linguis
1161 1134 1432 1191 humanis
1476 1135 1791 1211 aptissima.
1879 1132 2030 1190 Viva
2054 1153 2196 1191 voce
2225 1133 2341 1190 dici
2372 1134 2548 1191 etiam
2581 1151 2733 1190 nunc
2761 1151 2888 1190 eam

748 1229 928 1307 juvat.
1014 1229 1407 1298 Quamobrem
1452 1230 1700 1307 gratiam
1744 1249 1874 1286 cum
1918 1249 1987 1286 ea
2014 1230 2160 1287 inire
2197 1229 2549 1287 studeamus.
2635 1228 2802 1286 Voce
2829 1235 2890 1286 et

749 1326 1000 1398 auribuS,
1051 1327 1190 1384 dum
1235 1327 1577 1404 praesertim
1629 1327 1941 1386 memoriae
1985 1327 2111 1384 ines
2150 1327 2267 1384 tvis
2324 1326 2616 1404 juvenilia,
2669 1325 2888 1383 cotidie

749 1425 1050 1496 utendum,
1081 1431 1146 1482 ut
1173 1425 1405 1502 copiam
1436 1423 1744 1481 verborum
1781 1411 1954 1502 quam
1996 1424 2312 1481 maximam
2342 1430 2401 1480 et
2429 1424 2490 1480 in
2519 1442 2689 1480 usum
2730 1441 2891 1500 prae-

751 1529 974 1578 sentem
1019 1528 1081 1578 et
1123 1522 1184 1578 in
1230 1521 1507 1578 auxilium
1553 1540 1805 1599 perenne
1848 1541 2205 1599 quaeramus,
2291 1521 2428 1579 Non
2456 1540 2596 1579 sane
2626 1519 2889 1577 mirabile

750 3311 840 3362 est
867 3315 1085 3382 quanto
1127 3305 1187 3362 in
1216 3304 1438 3362 honore
1467 3308 1624 3383 apud
1653 3308 1931 3385 quosdam
1974 3309 2053 3366 sit
2094 3309 2142 3365 is
2172 3307 2515 3385 disciplinae
2544 3307 2755 3365 modus
2783 3327 2883 3386 qm

747 3401 1025 3458 naturalis
1053 3401 1377 3478 appellatus
1407 3410 1511 3460 est.
1598 3402 1656 3460 Is
1696 3407 1848 3462 enim
1895 3423 2001 3482 pro
2030 3411 2190 3463 certo
2232 3404 2412 3462 habet
2439 3403 2699 3482 linguam
2732 3403 2886 3462 Lati·

747 3517 884 3555 nam
913 3499 1065 3555 sicut
1105 3506 1327 3556 ceteras
1367 3499 1598 3577 linguas
1624 3501 1685 3557 in
1714 3500 1895 3558 labris
1923 3501 2117 3559 sedem
2147 3501 2538 3560 libentissime
2564 3500 2795 3575 habere,
2824 3508 2887 3560 et

748 3593 984 3653 auribus
1010 3594 1327 3653 laetissime
1356 3597 1418 3654 in
1447 3598 1783 3655 memoriam
1812 3617 2061 3656 manare.
2145 3597 2517 3676 Discipulum
2552 3599 2712 3657 idem
2739 3599 2887 3676 vigi-

748 3691 966 3750 lantem
993 3691 1148 3764 facit,
1173 3692 1420 3751 alacrem
1444 3695 1515 3752 ad
1540 3694 1913 3767 audiendum,
1937 3703 2271 3773 promptum
2303 3696 2378 3753 ad
2406 3695 2881 3774 intellegendum,

747 3797 1014 3868 paratum
1045 3790 1115 3847 ad
1149 3791 1484 3849 dicendum.
1571 3791 1725 3849 Illud
1756 3799 1947 3851 autem
1981 3794 2064 3851 eis
2087 3795 2189 3872 qui
2211 3794 2363 3852 hanc
2392 3786 2652 3871 linguam
2679 3793 2743 3850 in
2771 3813 2894 3852 ser-·

749 3906 952 3944 mones
1001 3886 1539 3964 collocutionesque
1588 3907 1859 3946 revocare
1897 3889 2100 3947 volunt
2147 3890 2644 3968 praecipiendum,
2686 3896 2754 3947 ut
2799 3888 2884 3947 sic

748 3982 911 4061 loqui
942 3982 1213 4040 studeant
1242 3992 1309 4041 ut
1336 3984 1412 4041 ad
1440 3984 1781 4043 Ciceronem
1817 3987 2056 4045 adducti
2085 3988 2411 4058 videantur,
2433 4007 2625 4066 neque
2654 3986 2728 4044 ab
2756 3986 2884 4064 ejus

747 4080 928 4138 latere
956 4100 1232 4158 umquam
1261 4082 1608 4140 discessisse.

1186 4251 1523 4302 Illustration:
1560 4254 1715 4302 Room
1738 4255 1792 4302 in
1813 4256 2009 4304 ancient
2032 4256 2195 4329 batha,
2217 4270 2344 4320 page
2370 4257 2445 4306 14.
