3334 5109
341 434 417 487 244
780 434 967 487 turma.
1004 496 1016 509 ..

405 602 474 661 Gal.
498 603 638 661 Nondum
653 604 742 662 hodie
758 602 840 660 vidi!
883 602 1015 660 Forsitan
1029 600 1159 659 dormit!

400 699 468 758 Jolr.
490 700 629 757 Dormitl
670 699 797 757 Adhuc!
840 697 1001 775 Ignavuml
1043 696 1107 755 Ubi
1126 705 1171 754 est
1185 696 1353 755 cubiculum
1367 715 1413 752 su-

341 798 411 854 uml
684 794 686 798 ’

405 893 484 950 Geor.
508 892 704 950 Ibi-ostium
718 890 897 949 seeundum!
921 888 1156 967 (demorastrana).

400 990 468 1049 Jol.
494 988 599 1071 [Ostio
620 986 962 1067 mancipatas-1
1004 988 1098 1058 Heus,
1114 986 1197 1058 heus,
1216 986 1307 1065 puerl
1355 984 1411 1041 Ex-

339 1088 522 1166 pergiaoerol
565 1085 747 1166 [Auscultut
762 1093 789 1145 et
802 1086 908 1143 iterum
917 1082 1044 1163 proteat]
1088 1083 1158 1142 Nou
1172 1083 1273 1143 audit!

406 1184 475 1242 Gal.
499 1185 702 1243 Exclamemus
716 1182 836 1243 omuesl

409 1280 522 1341 Omnes.
545 1282 635 1354 Heus,
657 1281 738 1353 heus,
761 1278 895 1357 Edgarel
943 1278 1172 1356 Expergiseerel
1214 1277 1343 1355 Tempus
1366 1282 1411 1335 est

340 1380 475 1457 surgere!
518 1379 735 1457 Expergiscere.

399 1476 468 1535 Jot.
492 1476 646 1535 Audisnel

400 1573 548 1648 Eduarua
574 1572 636 1653 [Ab
651 1575 731 1630 intra
744 1572 860 1646 sequius
873 1567 1044 1649 respoudit]
1069 1569 1139 1627 Non
1153 1568 1341 1626 au-di-o!

399 1671 468 1729 Jou.
491 1670 554 1729 Ubi
568 1690 638 1749 ergo
653 1670 744 1729 habes
758 1670 862 1727 auresl

400 1768 479 1841 adq.
503 1768 638 1826 inlecto.
831 1810 833 1816 .

399 1865 468 1923 Jou.
492 1865 559 1922 Hoc
573 1864 667 1923 video.
711 1864 770 1923 Sed
785 1863 857 1941 quid
869 1862 944 1920 facis
958 1862 989 1919 in
1002 1861 1079 1920 lecto
1091 1864 1102 1919 l

400 1962 478 2036 adq.
501 1961 580 2031 Quid
593 1962 719 2020 iaciaml
753 1960 901 2032 Dormio!

405 2060 474 2119 Gal.
496 2059 616 2117 Dormis
627 2062 637 2117 l
658 2068 688 2117 et
701 2058 830 2137 loqueris
843 2065 942 2115 tamen
955 2056 1130 2115 uobiscuml

400 2157 478 2230 Ede.
501 2156 611 2214 Saltem
625 2156 691 2213 volo
706 2154 854 2213 dormire!

406 2254 474 2311 ool.
498 2253 527 2310 N
528 2272 584 2311 uuo
600 2260 697 2310 autem
710 2272 771 2310 non
786 2256 831 2309 est
844 2257 960 2327 tempus
974 2249 1142 2307 dormiendi
1156 2249 1210 2307 sed
1223 2248 1381 2326 surgendi!

402 2350 480 2421 lady.
502 2350 600 2419 Quota
613 2358 658 2407 est
671 2350 762 2408 horai
1208 2350 1212 2354 ’

406 2447 474 2505 Gal.
498 2447 593 2507 Nona.

402 2544 479 2618 Edy.
502 2543 626 2612 Quando
641 2564 693 2602 vos
707 2543 879 2601 surrexestis
893 2561 908 2599 e
922 2540 1019 2599 leotol

410 2639 522 2700 Omnes.
545 2641 562 2698 J
567 2660 613 2698 am
628 2648 695 2699 ante
709 2641 782 2699 duas
796 2636 1008 2714 horas—Age!

402 2739 479 2812 adq.
503 2738 572 2795 Mox
587 2738 845 2815 igitur-surgam

400 2836 469 2895 Joo.
492 2835 584 2894 Venit
604 2836 712 2894 tardus.
754 2834 862 2892 Sumus
885 2840 1031 2911 quattuor.
1074 2831 1161 2889 Nune
1182 2830 1220 2888 ad
1242 2830 1412 2888 ludendum.

341 2932 430 3003 Veni,
446 2933 560 2990 otiose!
604 2932 718 3013 [Intrat
742 2931 842 3009 Edgar
865 2931 1023 3001 connivens,
1046 2929 1143 2985 oeulos
1158 2929 1286 3003 fricans,
1300 2927 1414 3001 stupide

341 3028 604 3109 circumspectans]

409 3126 520 3184 Omnes.
544 3126 647 3184 Salvus
660 3127 699 3183 sit
712 3125 868 3203 stupidus!
909 3124 1060 3193 Quantum
1073 3130 1190 3201 tompus
1207 3122 1355 3200 perditum
1369 3128 1415 3179 est

342 3225 374 3281 in
388 3232 418 3281 te
433 3224 647 3301 exspectando!
1341 3250 1343 3254 ·

403 3320 482 3394 adq.
506 3320 594 3392 Quid,
610 3319 747 3378 tandem!
789 3318 870 3387 Quid
883 3319 990 3378 vultisl

400 3417 469 3477 Jot.
491 3418 637 3477 Volumus
658 3417 749 3495 pilam
771 3416 887 3475 luderel
928 3416 1109 3474 Jamdudum
1133 3422 1164 3473 et
1177 3414 1293 3472 animus
1307 3420 1337 3472 et
1351 3432 1416 3471 eoe-

343 3516 413 3587 lum,
430 3523 460 3572 et
473 3515 536 3573 dies
550 3516 656 3572 invitat
669 3514 707 3571 ad
720 3511 900 3571 ludendum!

403 3611 481 3685 adq.
504 3612 635 3670 invitant
658 3611 777 3690 quidem
803 3609 874 3668 haee
897 3609 1012 3667 omnia:
1040 3609 1092 3667 sed
1113 3608 1193 3666 solus
1206 3626 1283 3664 unus
1296 3626 1357 3664 uon
1371 3608 1415 3663 in-

343 3709 437 3767 vitat!

412 3804 526 3864 Omnes.
549 3805 630 3877 Quis,
646 3806 785 3864 tandeml

405 3902 484 3976 Edy.
507 3901 705 3980 Praeceptorl

408 3998 489 4058 Geor.
512 3999 721 4077 Subornandus
736 4006 836 4057 orator
849 3997 1003 4076 quispiam,
1019 3998 1070 4076 qui
1084 3996 1276 4074 extorqueat!

409 4095 477 4155 Gne.
501 4097 579 4175 Apte
595 4097 715 4174 quidem
729 4096 861 4154 dictum!
877 4100 1080 4173 “extorqueat
1092 4093 1126 4152 !”
1169 4092 1247 4150 Nam
1261 4092 1349 4150 citius
1361 4090 1418 4149 ola'·

343 4213 410 4251 ram
435 4194 591 4251 extorseris
615 4214 631 4252 e
652 4213 741 4252 manu
761 4192 908 4264 Herculis,
924 4211 1011 4270 quam
1031 4190 1068 4249 ab
1082 4190 1141 4249 hoe
1154 4190 1277 4247 ludendi
1291 4189 1415 4247 veniam.

222 4318 223 4321 ¹
344 4290 387 4347 At
401 4290 470 4346 olim
484 4291 536 4348 illo
550 4310 637 4348 nemo
651 4291 710 4348 fuit
723 4289 848 4370 ludendi
862 4289 994 4347 avidiori
