3334 5109
350 355 419 408 128
782 362 890 414 LATI
897 363 970 414 NE.

404 523 509 598 Certe3
531 533 561 583 et
574 544 692 604 prorsus
706 544 781 582 nova
790 527 897 586 aulaea
940 526 1128 604 aquiminale
1142 546 1337 586 marmoreum
1350 534 1415 587 est:

343 640 418 700 aqua
431 622 541 701 frigida
555 630 585 680 et
598 621 692 680 calida
706 621 795 682 adest

402 717 585 778 Candelabra
598 718 716 775 ruinosa
728 727 803 777 aunt

404 814 600 874 Reficieutur:
622 815 679 872 nisi
693 814 823 872 lucernas
837 816 930 875 malis.

403 912 432 970 N
434 931 488 985 on;
509 911 683 970 reficiantur.
726 911 820 971 Nemo
835 914 866 970 iu
879 913 951 972 urbe
965 914 1092 972 lucernis
1105 915 1136 972 in
1150 915 1296 994 praesenti
1310 915 1414 974 utitur.

403 1009 517 1067 Morem
531 1008 586 1066 tibi
601 1028 708 1086 geram.

402 1105 500 1185 Cupio
514 1105 613 1163 videre
627 1106 726 1178 lectos,
741 1107 879 1184 quoniam
893 1106 927 1165 hi
939 1116 1009 1166 suut
1022 1110 1142 1167 maximi
1157 1109 1309 1168 momenti.

402 1202 543 1262 Profecto
566 1205 591 1261 si
616 1205 681 1281 quis
702 1203 776 1262 bene
797 1204 916 1278 dormit,
930 1205 989 1263 alia
1011 1206 1109 1264 minus
1130 1214 1221 1266 curat.
1264 1205 1323 1274 Qui
1336 1205 1416 1264 bene

342 1298 460 1370 dormit,
476 1320 536 1358 non
549 1309 661 1378 peccat,
676 1302 763 1380 vulgo
777 1302 878 1361 fertur.

403 1397 432 1455 N
434 1417 483 1456 nm
497 1398 639 1458 fenestrae
653 1399 691 1456 ad
705 1401 781 1456 viam
795 1401 948 1478 spectanti

402 1495 485 1554 Haec
500 1496 538 1553 ad
553 1497 638 1568 viam,
654 1496 704 1554 illa
717 1497 752 1554 ad
767 1495 895 1558 hortum.

402 1592 528 1670 Propter
548 1607 677 1650 rotarum
698 1595 863 1671 strepitum,
878 1595 909 1651 in
931 1595 1027 1672 priore
1048 1593 1167 1652 aedium
1188 1600 1270 1672 parte
1283 1593 1414 1652 dormire

342 1709 402 1747 non
415 1689 496 1748 libet.
539 1689 671 1748 Pretium
684 1697 782 1749 autem
795 1691 1033 1750 constituendum
1047 1699 1101 1750 est

402 1787 559 1845 Minimum
580 1786 699 1865 quidem
712 1788 838 1865 pretinm
851 1796 912 1860 est,
933 1796 1049 1848 tantum
1062 1797 1182 1847 centnm
1195 1787 1301 1847 thaleri
1314 1788 1414 1866 singu-

340 1883 378 1942 lis
391 1884 547 1942 mensibus

402 1981 517 2040 Medius
535 1979 642 2038 fidiusl
663 2000 806 2058 mangnus
830 1981 937 2060 opibus
960 1983 1104 2041 dormitur
1125 1983 1156 2040 in
1179 1982 1258 2041 urbe.
1301 1980 1410 2050 Quanti

340 2077 456 2136 indicas
470 2079 527 2136 tria
539 2077 675 2136 cubicula
688 2085 719 2136 et
732 2078 878 2138 culinaml

401 2175 446 2233 Ea
459 2164 574 2254 semper
587 2175 681 2233 locavi
696 2176 881 2254 septuaginta
893 2175 1013 2234 thaleris
1027 2175 1150 2255 singulis
1164 2175 1322 2236 mensibus.

297 2340 300 2344 ,
401 2271 466 2350 Ego
482 2273 650 2351 quindecim
664 2272 790 2332 thaleros
804 2273 928 2352 siuguhs
940 2272 1177 2332 hebdomadibus
1192 2273 1278 2332 dabo.

401 2368 548 2448 Exiguum
562 2371 658 2430 nimis.

401 2465 473 2525 Plus
486 2465 566 2544 justo
581 2467 722 2545 exposcis

401 2562 526 2622 Percara
539 2583 598 2621 non
613 2570 687 2622 sunt
729 2563 843 2622 Domus
867 2563 947 2621 enim
969 2564 999 2620 in
1022 2562 1219 2641 pulcherrimo
1240 2562 1322 2621 urbis
1343 2563 1413 2621 vico

341 2660 398 2718 sita
411 2668 473 2734 est,
495 2668 525 2719 et
539 2661 629 2719 vicini
643 2680 709 2718 suas
723 2661 826 2718 domos
839 2660 950 2738 majore
964 2662 1060 2738 pretio
1074 2661 1181 2719 locant

401 2756 456 2816 Bis
477 2764 595 2816 centum
617 2756 744 2815 thaleros
765 2776 880 2835 quoque
904 2757 1044 2815 trimestri
1068 2758 1165 2835 spatio
1186 2757 1307 2815 solvam.
1349 2755 1410 2814 Sed

340 2860 455 2932 partem
469 2854 557 2912 cellae
571 2855 715 2933 petrariae,
730 2854 883 2933 locumque
903 2874 957 2932 pro
979 2853 1113 2927 carbone,
1128 2862 1159 2913 et
1178 2854 1276 2932 lignis,
1290 2862 1321 2912 et
1334 2855 1414 2912 ciue·

340 2951 430 3022 ribus,
445 2950 570 3009 habeam
583 2970 700 3010 necesse
714 2951 778 3009 erit.

402 3047 532 3128 Optime,
556 3048 692 3120 Domine,
712 3049 810 3106 diaeta
832 3049 887 3106 sub
908 3069 973 3107 sera
995 3049 1133 3127 clareque
1156 3049 1222 3108 erit.
1274 3046 1412 3122 Quando,

340 3145 479 3224 opinaris,
494 3165 557 3204 eam
573 3146 678 3223 capies

402 3241 493 3300 Haud
507 3243 568 3300 scio
582 3263 627 3316 an,
638 3241 693 3300 hac
708 3243 809 3301 eadem
822 3248 925 3300 nocte:
939 3242 985 3299 sin
999 3250 1098 3300 autem
1111 3242 1232 3320 negotia
1243 3241 1414 3320 impediant

341 3339 498 3418 quominus
511 3338 567 3397 hac
581 3346 668 3397 nocte
677 3339 799 3412 veniam,
809 3358 868 3396 non
879 3338 982 3396 dubito
992 3339 1062 3417 quin
1073 3345 1213 3417 sequente
1223 3338 1410 3396 hebdomade

341 3435 470 3496 diaetam
491 3454 632 3514 occupare
652 3437 770 3514 possim.
812 3435 891 3494 Num
912 3438 1044 3516 pecunia,
1059 3436 1191 3495 nondum
1212 3435 1322 3509 debita,
1335 3435 1414 3494 mihi

341 3533 481 3591 solvenda
494 3534 557 3591 estl

350 3646 353 3652 ·
402 3627 506 3703 Certe3
527 3648 663 3687 nummos
676 3629 839 3706 praecipio,
861 3630 892 3687 id
908 3637 952 3687 est
965 3629 1063 3687 moris.

402 3725 450 3785 Sit
462 3727 521 3800 ita;
543 3745 612 3784 cura
625 3732 722 3784 autem
735 3731 769 3783 ut
782 3727 881 3784 omnia
893 3727 1021 3805 tempori
1035 3727 1095 3784 sint
1109 3733 1217 3806 parata

403 3823 487 3882 Sicut
500 3823 593 3901 jubes,
635 3822 758 3892 Quando
773 3823 860 3896 voles,
876 3825 982 3883 venies.

402 3919 529 3999 Oportet
540 3939 619 3978 nuuc
633 3920 718 3977 aliam
732 3921 940 3998 supellectilem
956 3942 1059 3980 emam.

402 4111 452 4170 Dn
471 4111 784 4172 Luem—Jamdudum
797 4121 827 4172 et
840 4115 952 4172 animus
963 4123 992 4174 et
1005 4116 1119 4174 coelum
1133 4123 1164 4173 et
1176 4115 1240 4174 dies
1252 4115 1357 4173 invitat
1370 4114 1412 4172 ad

340 4209 511 4282 ludendum,
526 4209 578 4268 sed
590 4220 762 4290 praeceptor
774 4231 832 4270 nou
846 4213 959 4272 invitat
