3334 5109
349 394 397 445 92
788 398 974 448 LATINE.

409 562 479 619 Bini
500 564 578 621 enim
603 581 693 639 reges,
709 562 772 639 pari
794 561 975 631 auctoritate,
990 561 1236 619 administrabant
1249 581 1309 620 rem
1323 562 1418 640 publi-

347 678 420 732 cam,
437 679 560 737 quorum
576 660 648 717 alter
669 658 821 715 invidebat
841 658 924 717 alteri
939 667 968 716 et
981 658 1082 716 sedulo
1095 658 1151 716 sibi
1166 660 1324 718 factionem
1340 679 1418 717 eom-

347 757 477 835 parabat,
492 765 524 814 ut
546 758 707 834 potentiam
723 756 852 835 collegae
865 758 1015 813 minueret,
1059 756 1142 813 Haec
1156 756 1268 813 invidia
1282 776 1300 813 a
1313 756 1416 814 Procle

347 859 377 910 et
391 852 582 929 Borysthene,
598 852 699 930 primis
713 852 840 929 regibus,
855 853 886 909 in
907 860 1030 929 utroque
1044 853 1135 929 stirpe
1151 872 1242 929 usque
1258 853 1296 910 ad
1311 852 1418 929 Lycur-

346 968 416 1026 gum
431 958 569 1025 tanquam
585 948 746 1006 hereditate
760 950 870 1007 tradita
882 958 945 1007 erat
958 956 992 1007 ut
1004 948 1111 1027 Sparta
1124 970 1176 1027 per
1190 950 1262 1007 illud
1276 968 1416 1027 magnum

347 1046 476 1123 spatium
489 1047 629 1123 temporis
651 1053 792 1123 perpetuo
809 1046 987 1104 factionibus
1007 1047 1238 1105 conturbaretur.
1282 1046 1416 1124 Uterque

346 1143 423 1199 enim
439 1162 497 1214 rex,
514 1143 627 1220 magnis
642 1143 805 1200 commodis
818 1145 976 1221 permissis,
991 1144 1135 1221 populum
1150 1144 1187 1200 ad
1202 1163 1286 1200 suam
1300 1163 1417 1201 causam

345 1239 498 1297 traducere
513 1239 666 1311 studebat3
688 1240 739 1317 qui
753 1240 820 1297 fons
835 1248 896 1298 erat
914 1242 1041 1319 primum
1063 1241 1199 1298 licentiae
1214 1240 1342 1319 denique
1356 1260 1418 1298 mo-

345 1343 437 1395 tuum.
481 1337 509 1393 N
511 1357 556 1394 am
575 1357 619 1395 res
633 1336 752 1415 publica
765 1336 901 1395 vacillans
915 1339 991 1396 inter
1004 1344 1182 1417 potestatem
1197 1339 1307 1416 regiam
1323 1344 1353 1397 et
1364 1358 1417 1416 po·

345 1434 475 1511 pularem
498 1436 655 1512 praecipite
678 1435 841 1492 mutatione
855 1453 940 1512 saepe
954 1436 985 1493 in
1002 1434 1149 1493 contraria
1161 1434 1274 1492 ruebat
1315 1433 1416 1509 Atque

344 1531 422 1589 inter
435 1533 499 1589 iura
512 1532 663 1602 libertatis,
680 1550 754 1609 quae
768 1530 879 1609 populo
892 1550 1029 1589 concessa
1043 1538 1134 1603 erant,
1150 1539 1181 1589 et
1194 1532 1303 1609 regiam
1319 1537 1416 1607 potes-

345 1634 435 1685 tatem
450 1626 522 1685 fines
537 1630 608 1685 certi
623 1628 753 1685 nondum
770 1630 923 1686 constituti
938 1635 1029 1686 erant.

404 1725 434 1783 A
445 1724 557 1782 civibus
571 1724 766 1803 locupletibus
780 1725 903 1803 superbe
917 1724 1132 1802 crudeliterque
1142 1744 1285 1803 pauperes
1298 1725 1416 1781 tractati

344 1830 420 1889 sunt,
431 1828 473 1894 ut,
485 1841 597 1879 summa
611 1822 814 1899 desperatione
828 1823 936 1894 affecti,
948 1823 1090 1880 tumultos
1104 1830 1263 1880 moverent.
1295 1820 1417 1879 Domes-

343 1919 410 1977 tieis
423 1920 466 1977 ita
479 1919 572 1977 turbis
592 1920 695 1977 civitas
716 1920 838 1992 divulsa,
853 1939 912 1977 non
933 1926 979 1977 est
999 1919 1124 1977 dubium
1140 1920 1209 1997 quin
1225 1924 1277 1977 aut
1290 1918 1415 1996 praedae

343 2015 481 2094 gentibus
495 2014 626 2073 finitimis
640 2016 786 2075 bellicosis
799 2025 878 2081 esset
892 2018 986 2075 autin
1000 2017 1098 2095 plures
1111 2017 1276 2095 tyrranides
1287 2017 1415 2074 minores

344 2112 498 2171 laberetur.

404 2210 493 2268 Hunc
507 2209 657 2287 Lycurgus
672 2209 890 2268 Lacedaemone
904 2230 999 2268 rerum
1014 2218 1124 2269 statum
1139 2210 1214 2268 vidit
1227 2229 1298 2268 esse
1329 2209 1416 2268 Fines

342 2308 497 2385 potestatis
511 2309 606 2385 regiae
621 2315 650 2364 et
665 2307 813 2385 popularis
827 2327 886 2364 non
897 2306 1029 2379 definiti;
1044 2307 1125 2365 bona
1138 2308 1332 2385 fortunaeque
1345 2308 1415 2365 civi-

342 2404 398 2462 bus
413 2424 470 2462 non
486 2404 644 2482 aequaliter
665 2404 841 2476 distributa3
862 2404 996 2461 defectus
1016 2405 1238 2462 communitatis
1252 2412 1283 2461 et
1296 2422 1416 2461 coneor-

344 2502 427 2574 diae3
449 2521 520 2579 opes
541 2502 668 2559 civitatis
688 2502 805 2579 penitas
826 2503 961 2573 attritae3
983 2500 1089 2559 horum
1110 2503 1240 2559 omnium
1261 2501 1414 2573 malorum,
1524 2499 1528 2507 “

343 2618 417 2678 qnae
432 2600 543 2657 auctori
556 2598 655 2676 legum
669 2599 842 2676 gravissima
851 2618 913 2657 esse
924 2599 1100 2657 videbantur
1113 2600 1144 2656 in
1158 2598 1274 2677 legibus
1289 2598 1416 2657 conden-

344 2696 390 2753 dis
404 2696 546 2753 rationem
562 2694 673 2753 babuit.

405 2792 472 2866 Die,
489 2813 546 2871 quo
561 2792 712 2871 Lycurgus
726 2793 806 2871 leges
820 2794 1004 2872 promulgare
1019 2794 1121 2866 voluit,
1136 2794 1259 2871 triginta
1272 2793 1350 2851 cives
1364 2812 1415 2851 no·

343 2889 510 2962 bilissimoS,
523 2910 595 2968 quos
610 2898 695 2947 antea
709 2891 815 2947 rationi
829 2909 896 2947 suae
911 2890 1123 2962 conciliaverat,
1135 2898 1262 2948 armatos
1275 2890 1305 2947 in
1320 2889 1414 2947 forum

344 2986 520 3045 descendere
534 2988 627 3057 iussit,
642 2993 675 3043 ut
689 2995 828 3045 terrorem
844 2988 880 3044 iis
894 2988 1042 3059 inferrent,
1059 2988 1110 3065 qui
1125 2988 1203 3045 forte
1218 2986 1400 3046 absisterent.

403 3083 504 3160 Atque
517 3102 567 3140 rex
581 3081 742 3154 Charilaus,
757 3082 803 3140 his
817 3084 902 3141 rebus
916 3092 1026 3142 terrere
1039 3104 1202 3163 percussus,
1218 3084 1249 3140 in
1270 3083 1414 3161 templum

344 3180 493 3238 Minervae
512 3179 654 3257 confugit,
678 3180 813 3257 opinatus
832 3188 896 3238 tota
916 3200 946 3239 re
970 3201 1001 3239 se
1024 3182 1096 3259 peti.
1139 3180 1200 3239 Sed
1213 3180 1270 3238 hoc
1284 3188 1367 3237 metu
1380 3179 1414 3236 li·

341 3271 461 3334 beratus
475 3284 638 3334 commotus
651 3282 703 3348 est,
714 3283 747 3333 ut
760 3278 903 3336 rationem
916 3279 979 3355 ipse
993 3277 1122 3356 Lycurgi
1137 3277 1241 3335 acriter
1254 3277 1413 3337 adiuvaret

401 3372 501 3450 Atque
509 3373 604 3450 prima
616 3372 788 3431 constitutio
803 3374 841 3431 ad
855 3394 999 3431 summam
1012 3394 1073 3432 rem
1089 3374 1284 3432 ordinandam
1305 3381 1415 3451 specta-

343 3469 393 3528 vit.
419 3468 465 3528 Ut
475 3469 553 3526 enim
565 3468 592 3524 in
606 3476 755 3545 posterum
765 3469 924 3547 perficeret,
934 3491 972 3529 ne
981 3471 1083 3529 civitas
1093 3472 1171 3529 inter
1181 3470 1413 3529 dominationem

343 3585 447 3644 regum
461 3575 491 3624 et
504 3572 682 3645 potestatem
695 3567 806 3645 populi,
820 3566 935 3646 legibus
957 3568 1090 3641 salutam,
1105 3568 1268 3640 fluctuaret,
1283 3569 1413 3640 tertium,

344 3664 395 3742 qui
411 3664 583 3740 auctoritate
603 3663 666 3740 pari
688 3670 772 3736 esset,
793 3673 926 3722 senatum
946 3664 1078 3723 medinm
1098 3665 1285 3743 interposuit
1327 3663 1416 3722 Sena-

343 3766 422 3818 tores
445 3761 524 3818 enim
548 3780 667 3817 numero
693 3760 918 3819 duodetricenos
940 3769 971 3819 et
994 3780 1062 3819 eum
1085 3760 1204 3839 regibus
1225 3760 1353 3819 tricenos
1376 3760 1415 3817 ad

343 3856 446 3941 populi
462 3876 576 3914 causam
591 3876 621 3913 se
636 3856 794 3935 adiungere
809 3858 833 3915 si
848 3878 930 3936 reges
950 3858 1085 3936 potentia
1099 3858 1297 3929 abuterentur,
1313 3863 1416 3915 eontra

343 3972 412 4011 vero
427 3954 452 4011 si
466 3960 595 4031 potestas
608 3953 710 4031 populi
721 3955 844 4011 nimium
855 3974 960 4033 magna
971 3956 1119 4013 videretur
1132 3974 1203 4028 esse,
1214 3974 1299 4032 reges
1313 3954 1350 4012 ab
1364 3953 1414 4011 illa

344 4050 504 4108 defendere
518 4049 617 4108 voluit.

403 4145 565 4229 Quaerere
580 4147 727 4205 institutio
749 4147 868 4225 egregia
885 4154 957 4220 erat,
974 4168 1032 4226 qua
1052 4146 1279 4205 Lacedaemonii
1299 4146 1329 4203 in
1350 4165 1415 4223 per-

342 4250 465 4322 petuum
494 4243 530 4301 ab
559 4243 696 4302 omnibus
724 4244 892 4302 domesticis
919 4244 1146 4323 tempestatibus
1173 4243 1351 4301 seditionum
1381 4261 1415 4300 ac
