3334 5109
390 433 460 485 122
820 436 1007 487 LATINE.

385 622 465 673 num,
480 605 530 682 qui
544 603 666 663 Caesare
681 606 857 682 imperatore
879 606 909 661 in
931 604 1073 662 Hibernis
1090 603 1135 661 vel
1155 604 1184 660 iu
1200 603 1296 660 Gallia
1314 603 1360 661 vel
1375 604 1453 682 apud

387 699 521 759 Rhenum
544 703 648 779 positis
671 701 783 759 hiemes
804 701 905 779 longas
929 703 1045 779 egisset,
1070 702 1226 758 convenire
1250 701 1400 770 acciderit,
1423 707 1454 757 et

387 817 460 875 quae
483 799 559 856 mala
572 799 746 876 intemperie
761 798 835 856 coeli
851 819 951 876 passus
965 807 1040 856 esset
1055 818 1089 855 ex
1104 797 1154 854 illo
1167 797 1277 855 audire.
1321 796 1454 854 Necesse

387 902 456 966 erat,
472 894 563 966 miles,
579 914 666 972 quem
688 903 769 972 puto,
786 896 836 972 qui
858 894 973 952 Italiam
994 896 1132 954 aestivam
1154 913 1366 971 amoenamque
1380 893 1454 951 desi-

387 990 516 1064 derabat,
532 993 583 1069 qui
596 992 725 1070 algorem
739 991 950 1069 caliginemque
970 991 1161 1049 Germanicae
1173 991 1347 1069 patiebatur,
1362 990 1454 1047 multa

388 1107 461 1166 quae
475 1088 511 1144 iis
525 1089 574 1167 qui
588 1089 630 1146 ibi
644 1087 812 1148 incolebant
827 1109 884 1146 non
900 1089 1084 1166 placuissent,
1100 1097 1237 1147 narraret.

447 1184 541 1258 Miles,
556 1205 643 1264 quem
656 1193 738 1265 puto,
754 1187 816 1244 sine
831 1186 922 1244 dubio
937 1185 1063 1244 Horatio
1074 1186 1165 1242 multa
1176 1187 1212 1244 de
1225 1186 1327 1256 ventis,
1340 1183 1452 1263 pluviis,

388 1279 502 1340 nebulis
523 1283 786 1361 narrabat-quam
808 1284 858 1342 die
878 1303 914 1342 ex
935 1284 983 1342 die
997 1283 1041 1341 sol
1055 1283 1148 1341 videri
1163 1302 1222 1340 nou
1236 1290 1345 1359 posset,
1360 1282 1454 1340 donec

387 1378 459 1456 ipse,
475 1397 568 1456 neque
582 1380 643 1438 sole
665 1399 759 1457 neque
781 1380 924 1439 sideribus
946 1380 1051 1438 diebus
1071 1380 1171 1437 multis
1194 1378 1404 1456 apparentibus
1424 1385 1455 1436 et

387 1476 610 1554 tempestatibus
631 1496 692 1534 non
710 1477 824 1555 exiguis
846 1496 961 1555 semper
981 1475 1210 1545 imminentibus,
1227 1475 1389 1532 exclamare
1411 1493 1456 1532 so-

388 1569 479 1630 leret:
502 1577 520 1605 “
531 1572 625 1631 Dulce
646 1573 754 1645 lumen,
779 1581 810 1632 et
833 1573 1004 1630 delectabile
1029 1582 1074 1631 est
1096 1572 1188 1630 oculis
1213 1572 1312 1629 videre
1335 1571 1452 1629 solem.’'

389 1666 491 1747 Itaque
505 1677 615 1747 putare,
631 1670 724 1728 milite
738 1671 849 1742 audito,
865 1671 1025 1729 Horatium
1038 1689 1144 1748 poema
1157 1670 1315 1747 scripsisse,
1331 1676 1362 1726 et
1375 1669 1454 1727 illam

387 1772 493 1824 terram
515 1786 601 1844 quam
626 1767 737 1826 diceret
759 1767 945 1826 Germaniam
970 1788 1032 1826 esse
1057 1766 1143 1824 nobis
1165 1766 1242 1825 licet
1286 1765 1321 1824 In
1345 1774 1454 1824 aestate

389 1864 489 1921 omnia
504 1873 571 1922 sunt
589 1863 719 1942 pulchra,
735 1865 849 1923 coelum
871 1866 989 1936 clarum,
1005 1884 1054 1922 aer
1074 1865 1224 1936 aestivum,
1240 1863 1289 1921 die
1304 1862 1347 1920 sol
1362 1863 1456 1941 splen·

388 1960 484 2032 didus,
504 1967 590 2020 nocte
613 1961 714 2018 stellae
733 1970 882 2040 apparent
925 1962 985 2020 Sed
1007 1963 1038 2019 iu
1060 1961 1157 2019 hieme
1181 1961 1281 2019 omnia
1295 1968 1453 2032 mutantur,

388 2059 503 2116 coelum
527 2058 704 2117 obscuratur.
755 2059 895 2132 Nebulae,
920 2060 1037 2138 pluviae
1060 2067 1168 2117 terram
1193 2065 1308 2136 urgent,
1335 2064 1454 2115 etcum

389 2154 518 2234 frigescit
532 2156 582 2213 nix
596 2155 683 2228 cadit,
698 2156 865 2235 glaciesque
887 2159 964 2215 iners
986 2178 1037 2236 per
1059 2157 1133 2214 duos
1148 2176 1262 2214 menses
1277 2157 1307 2212 in
1322 2154 1455 2234 partibus

388 2253 454 2311 altis
468 2259 533 2312 stat

449 2349 516 2408 Hae
530 2370 575 2408 res
589 2349 663 2408 mihi
677 2351 706 2409 in
723 2360 851 2410 mentem
867 2358 1008 2409 venerunt
1022 2372 1089 2410 cum
1103 2352 1161 2408 iam
1177 2370 1269 2428 paene
1279 2357 1345 2408 toto
1356 2370 1456 2408 meuse

389 2446 482 2505 solem
496 2447 543 2504 vix
559 2448 680 2506 videam.
723 2447 814 2506 Aliud
829 2468 865 2506 ex
879 2447 939 2506 alio
953 2448 990 2506 de
1011 2448 1093 2506 coelo
1114 2448 1210 2505 audio.
1253 2447 1366 2505 Omnes
1379 2447 1457 2505 inter

390 2565 422 2603 se
436 2545 572 2604 contrarii
586 2555 661 2604 suut.
690 2547 750 2605 Hic
764 2544 898 2620 calorem,
915 2547 965 2605 ille
979 2547 1072 2624 frigus
1086 2547 1222 2623 prodicit.
1253 2545 1321 2602 Non
1336 2564 1456 2623 possum

390 2643 474 2702 aliter
487 2663 573 2721 quam
589 2649 606 2676 “
616 2645 688 2722 quid
709 2645 747 2702 sit
768 2644 896 2702 futurum
910 2663 975 2701 cras
985 2643 1003 2672 '’
1017 2644 1120 2721 lugere
1135 2662 1280 2721 quaerere,
1296 2647 1355 2700 “et
1369 2662 1457 2720 quem

390 2741 449 2799 fors
463 2742 576 2801 diemm
591 2761 706 2820 cunque
720 2741 804 2800 dabit
817 2742 898 2800 lucro
909 2741 926 2770 '’
941 2761 1096 2820 apponere.
1140 2741 1198 2798 Sed
1214 2760 1349 2798 versuum
1363 2740 1458 2798 Hora-

390 2839 499 2897 tiorum
518 2839 689 2896 reminiseor
703 2847 733 2897 et
746 2846 849 2916 putare
872 2857 920 2895 me
942 2857 978 2894 ex
997 2856 1055 2915 qua
1075 2838 1189 2915 origine
1204 2836 1346 2894 Horatius
1359 2856 1458 2895 versos

390 2937 531 3014 quosdam
545 2935 661 2994 duxerit
684 2937 827 2993 invenisse
856 2934 930 2992 mihi
955 2935 1057 3012 placet.
1100 2933 1224 3012 Ignosce
1247 2934 1317 2992 huic
1342 2934 1455 2992 levitati

391 3054 482 3106 meae,
497 3040 528 3092 et
541 3033 611 3092 vale.

439 3148 530 3197 uatum
540 3146 724 3210 nanuum,
736 3161 757 3195 a
770 3145 793 3195 a
806 3145 837 3196 r.
849 3145 905 3194 aa.
918 3145 975 3195 nec.

395 3357 545 3403 cama
564 3357 734 3402 ΜΖΤΟΝΠ
752 3357 804 3400 ΒΕ
821 3356 1042 3400 mammam
1060 3355 1201 3398 CHRISTI
1219 3355 1355 3399 uam
1372 3355 1459 3400 m-

490 3425 607 3498 ¹DIYUR.
630 3423 717 3476 [Prot.
732 3425 882 3468 Homul.
901 3423 1018 3475 Gassou,
1032 3423 1141 3475 Loyola
1156 3421 1286 3475 Collega]

590 3527 656 3586 Jam
672 3527 779 3586 mensis
793 3527 897 3600 adstat,
913 3547 1052 3606 prospera
1065 3527 1115 3583 lux
1129 3526 1222 3598 adest,

592 3623 658 3694 Quo
673 3643 739 3682 cara
752 3625 858 3682 summi
871 3625 1025 3703 progenies
1039 3623 1105 3696 Dei,

673 3721 782 3803 (Quam
795 3728 888 3779 mater
902 3721 987 3779 enixa
1001 3729 1045 3780 est
1058 3717 1178 3798 puella),

713 3819 829 3878 Detulit
843 3820 881 3876 ad
894 3819 1013 3876 miseras
1023 3817 1155 3876 salutem.

595 4003 705 4063 Gentes
719 4004 851 4077 beatam3
873 4004 914 4061 sic
930 4011 1040 4061 veteres
1054 4009 1162 4060 canunt

502 4115 503 4120 ’
594 4102 696 4174 Vates,
711 4101 775 4159 fore
790 4101 860 4159 olim
874 4100 997 4158 crimina
1010 4101 1061 4178 qui
1074 4099 1137 4157 luat

674 4200 820 4271 Humana,
837 4198 887 4276 qni
900 4198 1042 4275 terrisque
1056 4214 1157 4275 pacem

715 4295 900 4374 Perpetuam,
915 4295 991 4353 duee
1003 4294 1100 4366 Patre,
1114 4292 1227 4351 reddat
1289 4357 1294 4363 ,
