3334 5109
359 393 409 445 94
796 392 983 443 LATINE.

357 560 434 638 tingi
450 569 482 618 ut
495 560 630 618 duratum
645 560 749 636 cuique
772 560 837 617 usui
861 558 910 615 alii
932 577 992 615 nou
1018 559 1077 615 iam
1101 565 1205 635 aptum
1218 566 1305 617 esset.
1347 556 1429 629 Quis,

358 657 399 715 eis
414 656 499 715 rebus
512 655 658 733 perlectis,
674 664 724 713 aut
738 656 880 713 iuraretur
893 662 945 713 aut
958 674 989 712 sc
1002 655 1090 713 alicui
1099 655 1249 726 venderet,
1258 662 1311 713 aut
1318 656 1430 713 divitiis

356 753 538 831 peraudisse
553 751 643 822 daret,
658 754 827 829 praesertim
851 770 919 808 cum
940 770 1027 810 nemo
1046 751 1185 809 lucellum
1210 752 1305 810 celare
1319 759 1371 810 aut
1385 752 1428 810 uti

358 870 394 907 eo
408 850 526 927 possetl

419 946 478 1003 Sed
503 946 650 1022 Lycurgus
676 965 734 1003 non
759 946 853 1003 solum
877 946 919 1003 ita
941 947 1137 1003 iustrumenta
1160 945 1293 1003 luxuriae
1317 944 1430 1002 civibus

357 1044 476 1114 ademit,
491 1043 645 1101 sedetiam
661 1063 706 1100 res
720 1044 808 1119 ipsae,
824 1061 899 1119 quae
920 1062 970 1100 eos
985 1061 1178 1100 vcommovere
1191 1048 1322 1119 possent,
1338 1060 1375 1099 ue
1389 1040 1427 1098 ob

358 1139 458 1197 oculos
479 1147 668 1209 versarentur,
689 1140 847 1216 prospexit.
890 1139 987 1197 Aliam
1008 1140 1087 1197 enim
1108 1140 1264 1216 pecuniam
1285 1138 1430 1197 Lacedae-

358 1236 449 1293 monii
463 1254 521 1292 non
536 1235 691 1306 habebant,
707 1255 793 1312 quam
808 1236 914 1293 darent
927 1237 971 1293 eis
984 1236 1158 1313 peregrinis,
1174 1236 1225 1311 qui
1246 1235 1434 1312 negotiamur

358 1339 406 1389 tur
419 1340 449 1389 et
463 1332 573 1388 lucrum
587 1331 678 1388 facere
694 1331 807 1403 vellent,
823 1331 915 1389 serres
936 1352 1006 1390 vero
1027 1332 1153 1410 pecunia
1167 1333 1210 1389 uti
1224 1352 1285 1403 uon
1299 1338 1428 1410 possent

357 1427 494 1487 Artifices
509 1429 598 1505 igitur
612 1442 722 1499 omnes,
740 1447 862 1505 quorum
882 1448 971 1507 opera
992 1429 1074 1485 luxui
1094 1429 1250 1487 inserviret
1271 1448 1308 1487 ex
1322 1427 1429 1485 finibus

358 1525 493 1583 abierunt
507 1525 584 1582 nulla
600 1528 678 1583 navis
701 1527 852 1603 peregrina
872 1527 902 1583 in
923 1534 1027 1603 portus
1041 1527 1131 1598 venit,
1147 1526 1230 1598 nulli,
1246 1526 1298 1603 qui
1313 1526 1429 1584 casibus

357 1622 466 1695 iactati,
481 1624 541 1679 suis
555 1622 640 1680 rebus
661 1623 702 1680 ibi
716 1622 866 1680 consulere
880 1622 997 1692 vellent,
1011 1621 1054 1679 ibi
1075 1622 1249 1681 commorati
1263 1630 1341 1695 sunt,
1356 1622 1429 1680 nulli

358 1726 533 1777 mercatores
546 1728 782 1778 commeaverunt
796 1727 830 1777 ut
843 1719 881 1776 ad
895 1720 1054 1777 venitatem
1068 1718 1282 1796 libidinemque
1296 1718 1430 1795 quaestui

357 1816 509 1887 baberent,
523 1836 589 1874 cum
603 1816 676 1873 nihil
698 1836 793 1873 secum
815 1815 928 1873 auferre
948 1824 1070 1892 possent
1083 1814 1142 1871 uisi
1154 1814 1268 1872 ferreos
1283 1834 1428 1887 nummos,

358 1914 409 1991 qui
423 1913 559 1971 omnibus
574 1914 603 1969 in
617 1912 784 1989 regionibus
799 1912 962 1989 despicatui
977 1918 1067 1969 erant
1097 1909 1179 1978 Quae
1194 1930 1261 1968 cum
1275 1911 1320 1968 ita
1332 1919 1430 1970 essent

357 2009 442 2067 luxus
453 2011 575 2068 existere
587 2011 682 2081 desiit,
693 2028 758 2066 cum
770 2028 856 2066 nemo
867 2008 991 2078 adesset,
1002 2008 1052 2084 qui
1062 2007 1216 2065 materiem
1226 2008 1254 2065 ei
1268 2007 1428 2084 praeberet

674 2136 792 2202 [Reliqua
803 2137 910 2200 deiaoeps
916 2135 1111 2202 perrcqroemur]

357 2283 538 2327 EPISTULA.

357 2386 384 2445 J.
401 2384 438 2445 Κ.
454 2385 496 2459 L,
511 2385 544 2443 E.
560 2384 588 2443 S.
605 2384 643 2456 S,
660 2384 774 2441 Editori
788 2381 913 2453 Lsrrru,
929 2382 958 2440 S.
974 2382 1008 2441 P.
1023 2382 1062 2441 D.

419 2498 631 2575 Heidelbergae
659 2506 703 2555 est
730 2496 807 2554 clara
828 2497 970 2574 quaedam
999 2495 1192 2555 Universitas
1227 2496 1280 2569 Ea,
1302 2498 1428 2574 quaein

358 2594 515 2654 Germania
533 2595 652 2673 propria
675 2602 719 2651 est
740 2595 949 2671 antiquissima,
965 2613 1042 2651 auno
1066 2593 1248 2665 millessimo,
1272 2602 1430 2653 trecentes-

358 2694 442 2764 simo,
457 2694 633 2769 octagesimo
649 2698 730 2749 sexto
745 2692 865 2749 condita
879 2698 930 2749 est
972 2691 1057 2748 Duae
1080 2690 1298 2749 Universitates
1311 2690 1429 2749 Germa·

358 2810 413 2848 nae
438 2790 523 2862 solae,
546 2791 574 2846 in
597 2790 716 2846 Austria
734 2790 878 2860 conditae,
903 2797 999 2847 aetate
1024 2790 1190 2866 superiores
1213 2796 1289 2861 sunt,
1306 2808 1428 2867 quarum

359 2887 449 2945 altera
476 2886 630 2963 Pragensis
657 2905 733 2942 auno
758 2887 924 2957 milessimo,
953 2886 1174 2944 trecentessimo
1203 2886 1428 2964 quadragesimo

358 2991 471 3056 octavo,
496 2984 585 3040 altera
609 2982 763 3039 Viennaus
786 3002 863 3041 anno
891 2984 1072 3052 millessimo,
1097 2984 1322 3041 trecentessimo
1350 3003 1429 3042 sexa-

358 3081 471 3157 gesimo
486 3082 588 3158 quinto
603 3079 722 3137 condita
736 3086 787 3137 est.
831 3080 928 3138 Huius
942 3080 1154 3139 Universitatis
1168 3080 1307 3139 conditor
1319 3080 1428 3139 fautor·

360 3197 416 3255 que
430 3178 489 3235 fuit
503 3177 617 3234 Elector
631 3176 777 3253 Rupertus
792 3176 814 3234 Ι.

420 3272 509 3331 initio
524 3292 612 3350 parva
625 3274 682 3329 iam
697 3292 731 3331 ea
744 3272 853 3331 multos
867 3273 986 3333 adierit.
1028 3274 1155 3333 Duobus
1165 3276 1250 3333 aunis
1264 3275 1331 3353 plus
1345 3275 1428 3353 quiu-

358 3371 441 3447 genti
463 3370 587 3427 studiosi
611 3369 758 3427 literarum
782 3370 1012 3449 Heidelbergam
1030 3372 1220 3430 advenerunt
1263 3371 1428 3431 Dissentio-

359 3486 419 3537 nes,
436 3486 510 3544 quae
524 3467 628 3524 mediis
642 3466 671 3523 in
686 3467 807 3525 saeculis
827 3467 865 3525 de
886 3468 1028 3545 religione
1042 3476 1124 3527 ortae
1138 3474 1215 3541 sunt,
1230 3467 1428 3527 Universitati

359 3565 443 3622 valde
467 3571 635 3622 nocuerunt.
678 3563 825 3621 Electores
844 3563 971 3622 Palatini
993 3565 1043 3622 alii
1066 3565 1124 3624 alio
1147 3565 1238 3622 modo
1258 3563 1426 3637 credebant,

360 3664 410 3740 qui
425 3681 534 3734 omnes,
550 3671 582 3720 ut
597 3681 687 3739 regns
700 3680 752 3718 sue
765 3660 1008 3739 Universitasquc
1029 3662 1203 3739 religionem
1224 3681 1309 3720 suam
1327 3680 1430 3739 seque-

357 3766 446 3831 retur,
462 3759 659 3818 decrevcrunt.
703 3758 788 3815 Multi
802 3758 988 3835 professores,
1004 3759 1073 3836 quia
1086 3758 1171 3816 aliter
1185 3777 1271 3836 quam
1287 3758 1429 3817 electores

359 3856 524 3929 credebaut,
550 3876 584 3914 ex
609 3856 754 3913 cathedris
778 3855 855 3933 pulsi
880 3864 955 3914 sunt.
997 3855 1144 3914 Doctores
1168 3856 1248 3927 novi,
1270 3861 1428 3933 postquam

360 3953 434 4011 alter
447 3953 564 4011 Elector
578 3954 606 4010 in
623 3960 797 4029 potestatem
813 3953 901 4024 venit,
917 3954 1022 4011 eodem
1037 3953 1128 4011 modo
1142 3959 1212 4011 sunt
1231 3951 1320 4030 pulsi.
1356 3950 1428 4009 Pro-

358 4050 519 4109 fessoribus
547 4070 632 4129 saepe
660 4052 780 4109 mutatis
807 4058 838 4108 et
863 4050 1048 4128 temporibus
1072 4050 1214 4129 inquietis
1241 4048 1428 4108 Universitas

358 4148 453 4205 fracta
476 4155 527 4206 est
569 4147 721 4206 Gradatim
744 4167 797 4226 per
818 4167 909 4205 annos
931 4148 1044 4207 refecta
1064 4148 1174 4205 iterum
1195 4145 1282 4204 valde
1302 4144 1428 4205 florebat

358 4246 453 4304 donec
466 4265 513 4303 res
525 4265 617 4303 novae
630 4245 781 4303 Gallorum
795 4254 876 4304 ortae
890 4253 966 4305 sunt
1104 4231 1106 4236 ¹
