3334 5109
343 400 414 454 162
775 402 963 464 LATINE.

335 568 460 626 omnino
483 567 661 628 decivitate
683 587 745 626 esse
768 568 924 638 sublatum,
945 568 1089 638 consules,
1113 567 1163 645 qui
1184 567 1274 625 duces
1298 567 1408 644 publici

336 665 454 724 consilii
468 685 531 738 esse
546 665 696 736 deberent,
711 664 873 743 perfecisse,
882 673 916 723 ut
929 684 981 742 per
994 665 1075 742 ipsos
1087 662 1407 741 publicumconsilium

335 763 472 822 funditus
485 764 638 822 tolleretur
651 771 706 822 ete.
729 807 736 821 .
759 805 766 822 .
789 807 796 822 .
819 762 962 841 haeeego
975 769 1006 820 et
1027 761 1122 819 multa
1135 761 1193 818 alia
1205 760 1339 838 cogitans
1352 779 1410 818 ser-

338 861 403 918 vari
418 880 479 919 rem
495 860 642 938 publicam
657 860 786 918 discessu
801 878 885 931 meo;
906 851 1025 918 caedem
1040 878 1059 917 a
1073 857 1158 917 vobis
1178 857 1334 934 liberisque
1350 876 1410 913 ves·

270 963 272 966 ’
335 958 400 1028 tris,
417 957 592 1028 vastitatem,
607 956 750 1029 incendia,
766 957 882 1035 rapinas
894 975 961 1014 meo
976 956 1079 1014 dolore
1101 957 1240 1033 luctuque
1254 954 1363 1031 depuli,
1379 962 1409 1011 et

305 1093 307 1097 -
337 1073 415 1112 unus
437 1051 483 1112 bis
505 1072 566 1112 rem
589 1053 734 1131 publicam
758 1054 879 1126 servavi,
900 1054 989 1112 semel
1017 1054 1120 1133 gloria,
1143 1055 1248 1118 iterum
1270 1070 1410 1110 aerumna

337 1169 414 1208 mea
460 1149 534 1230 (Pro
548 1150 624 1211 Sest.
640 1149 657 1229 fi
673 1157 711 1208 42
725 1169 782 1222 ss.;
804 1149 866 1231 49.)

404 1246 472 1328 (21)
487 1248 625 1308 Decrevit
635 1256 751 1308 senatus
761 1250 898 1327 frequens
911 1249 950 1308 de
960 1267 1027 1307 meo
1037 1248 1136 1307 reditu
1150 1247 1293 1305 Kalendis
1306 1246 1408 1317 Iuniis,

338 1346 535 1404 dissentiente
549 1346 639 1418 nullo,
654 1347 799 1404 referente
813 1345 845 1404 L
861 1345 981 1416 Ninnio,
995 1344 1080 1403 euius
1100 1345 1131 1401 iu
1150 1363 1216 1402 mea
1229 1363 1316 1402 causa
1327 1363 1411 1400 uum·

337 1462 428 1520 quarn
444 1441 517 1501 fides
530 1444 680 1520 virtusque
694 1443 879 1502 contremuit
921 1440 1092 1500 Intercessit
1113 1439 1214 1517 Ligins
1233 1439 1290 1497 iste
1310 1439 1409 1496 neseio

337 1539 399 1617 qni,
415 1539 648 1599 additamentum
667 1540 852 1598 inimicorum
867 1557 1009 1596 meorum.
1052 1536 1126 1617 (Pro
1141 1536 1216 1596 Sest
1231 1534 1249 1614 ᾗ
1265 1534 1327 1614 68.)

402 1634 469 1715 (22)
485 1635 614 1694 Litterae
628 1635 700 1693 mihi
715 1655 732 1693 a
746 1634 781 1705 Q,
796 1636 885 1694 fratre
898 1653 966 1693 eum
986 1633 1261 1704 senatusconsulto,
1277 1632 1357 1710 qnod
1372 1632 1409 1689 de

335 1751 388 1790 me
402 1732 582 1804 estfactum,
597 1732 701 1790 allatae
715 1741 791 1792 sunt
833 1731 906 1790 mihi
926 1731 958 1788 in
978 1731 1077 1788 animo
1091 1738 1138 1788 est
1157 1731 1255 1808 legum
1269 1729 1409 1786 lationem

337 1837 519 1907 exspectare,
535 1837 565 1888 et
579 1831 604 1887 si
618 1829 837 1901 obtrectsbitur,
852 1838 917 1889 utar
929 1829 1104 1888 auctoritate
1123 1836 1240 1886 senatus
1260 1833 1291 1884 et
1310 1827 1410 1904 potius

339 1927 403 1984 vita
417 1947 505 2005 quarn
519 1927 614 2005 patrie
627 1925 740 1988 carebo.
784 1925 891 2006 (Epist
907 1926 944 1984 ad
960 1926 1050 1983 Attic.
1066 1932 1094 1996 3,
1110 1924 1174 2003 26.)

341 2087 342 2092 1
406 2022 474 2103 (23)
503 2020 575 2103 [697
592 2047 623 2076 .-.
639 2022 691 2104 57]
717 2022 851 2086 Veniunt
874 2022 1026 2081 Kalendae
1050 2021 1218 2080 Ianuariae:
1249 2039 1324 2098 qnae
1345 2027 1409 2078 tum

340 2119 509 2198 frequentia
530 2129 656 2190 senatus,
671 2139 745 2198 quae
766 2117 946 2199 exspectatio
965 2118 1078 2198 populi,
1093 2120 1145 2196 qui
1161 2136 1317 2176 concursus
1335 2116 1412 2194 lega·

340 2225 442 2276 torum
466 2237 502 2274 ex
525 2216 611 2274 Italia
632 2225 744 2288 cunctas,
760 2236 835 2295 quae
857 2218 957 2288 virtus,
980 2217 1066 2288 actio,
1088 2216 1217 2293 gravitas
1239 2215 1272 2274 P.
1295 2213 1411 2272 Lentuli

340 2314 473 2374 consulis
487 2314 553 2384 fuit,
570 2333 643 2390 quae
657 2314 745 2372 etiam
759 2313 896 2391 conlegae
917 2315 980 2371 eius
1000 2312 1166 2370 moderatio
1184 2313 1222 2370 de
1236 2332 1291 2371 me.
1333 2310 1410 2368 Tum

340 2413 479 2491 princeps
493 2418 612 2488 rogatus
626 2411 800 2468 sententiam
815 2409 846 2468 L.
861 2409 951 2469 Cotta
964 2410 1041 2468 dixit
1055 2411 1095 2482 id,
1111 2411 1190 2488 qnod
1204 2409 1411 2488 dignissimum

337 2528 372 2566 re
385 2508 502 2586 publica
512 2508 577 2578 fuit,
590 2507 698 2566 “Nihil
709 2507 746 2565 de
756 2527 803 2565 me
814 2516 912 2565 actum
923 2527 986 2566 esse
998 2509 1069 2580 iure,
1077 2507 1152 2565 nihil
1163 2526 1244 2565 more
1255 2507 1411 2582 maiorum,

339 2605 415 2663 nihil
430 2605 561 2683 legibns3
584 2623 642 2661 non
656 2623 742 2682 posse
756 2624 932 2683 quemquam
944 2606 980 2663 de
992 2606 1112 2664 civitate
1126 2605 1191 2662 tolli
1204 2604 1267 2662 sine
1281 2603 1409 2674 iudici03

337 2703 378 2761 de
403 2703 499 2781 capite
521 2723 580 2760 uon
604 2703 692 2760 ιιιοιίο
715 2703 795 2774 lerri,
819 2702 871 2760 sed
893 2722 929 2760 ne
951 2702 1077 2760 iudicari
1101 2702 1222 2780 quidem
1247 2721 1333 2778 posse
1353 2701 1411 2759 nisi

339 2799 469 2858 comitiis
491 2800 679 2872 centuriatis;
710 2800 771 2856 vim
794 2798 885 2856 inisse
908 2798 998 2871 illam,
1023 2798 1171 2858 flammam
1196 2803 1348 2876 quassatae
1368 2797 1410 2853 rei

338 2897 478 2975 publicae
500 2896 792 2974 perturbatorumque
813 2903 981 2973 temporum
1002 2897 1066 2954 iure
1080 2896 1257 2972 iudiciisque
1271 2893 1409 2964 sublatis;

340 3014 450 3073 magna
470 3013 566 3052 rerum
588 2992 1014 3072 perturbationeimpendente
1034 2994 1197 3052 declinasse
1210 3011 1258 3050 me
1280 2991 1409 3069 paullum

341 3100 373 3150 et
394 3111 445 3168 spe
469 3091 596 3168 reliquae
619 3087 836 3169 tranquillitatis
854 3091 1014 3168 praesentis
1027 3089 1135 3148 fluctus
1147 3095 1411 3168 tempestatemque

340 3189 465 3267 fugisse.
509 3207 566 3266 qua
586 3208 616 3247 re
638 3207 694 3260 me,
709 3187 761 3265 qui
782 3188 863 3246 nulla
883 3189 947 3267 lege
968 3188 1109 3260 abessem,
1125 3206 1184 3244 non
1207 3185 1321 3244 restitui
1335 3185 1410 3262 lege,

342 3287 397 3345 sed
411 3287 541 3345 revocari
555 3292 671 3343 senatus
682 3285 1027 3364 auctoritateoportere”
1070 3285 1158 3343 Hunc
1168 3303 1255 3349 nemo
1269 3283 1411 3359 eratquin

341 3384 493 3442 serissime
508 3383 614 3442 sentire
628 3382 746 3441 diceret
789 3382 849 3442 Sed
862 3391 931 3460 post
950 3403 1018 3442 enm
1039 3390 1159 3461 rogatus
1173 3380 1227 3447 Qu
1242 3379 1410 3457 Pompeius,

339 3480 506 3560 approbata
518 3479 692 3557 laudataque
701 3478 807 3538 Cottae
822 3480 973 3552 sententia,
983 3480 1060 3538 dixit
1070 3484 1088 3513 “
1098 3478 1168 3536 Sese
1179 3478 1232 3535 otii
1244 3476 1303 3534 mei
1316 3495 1411 3547 causa,

342 3585 377 3636 ut
391 3578 473 3636 omni
487 3577 621 3657 populari
642 3577 839 3635 concitatione
859 3576 1041 3654 defungerer,
1056 3594 1174 3634 censere
1190 3581 1222 3631 ut
1242 3573 1280 3630 ad
1294 3581 1412 3631 senatus

340 3675 549 3734 anctoritatem
571 3672 672 3752 populi
694 3693 810 3752 qnoque
831 3673 958 3732 Romani
977 3671 1153 3731 beneficium
1168 3689 1238 3748 erga
1251 3689 1296 3727 me
1311 3670 1413 3727 adiun-

342 3771 490 3851 geretur.”
512 3816 520 3830 .
542 3815 549 3830 .
571 3815 580 3829 .
602 3771 675 3828 Cum
696 3771 795 3828 omnia
808 3790 898 3842 mora,
913 3769 1121 3841 ludificatione,
1137 3768 1282 3826 calumuia
1293 3773 1411 3824 senatus

342 3869 504 3928 auctoritas
516 3868 716 3947 impediretur,
731 3868 810 3932 venit
823 3868 942 3926 tandem
964 3868 1089 3926 coneilio
1107 3867 1145 3924 de
1159 3885 1206 3923 me
1220 3864 1328 3942 agendi
1349 3863 1412 3922 dies

341 3965 425 4024 .VIII
439 3963 589 4042 Kalendas
603 3963 789 4037 Februarias3
810 3966 863 4024 sed
874 3985 940 4024 cum
952 3963 1076 4023 Clodius
1086 3971 1117 4023 et
1127 3963 1190 4021 eius
1198 3961 1333 4033 asseclae,
1345 3979 1412 4018 eum
1470 4028 1472 4032 Α

343 4064 455 4134 iorum,
470 4061 630 4133 comitium,
645 4062 753 4118 curiam
775 4063 868 4121 multa
889 4064 926 4121 de
948 4070 1036 4120 nocte
1056 4061 1176 4120 armatis
1189 4058 1359 4125 hominibus
1371 4076 1413 4114 ae

346 4160 440 4218 servis
462 4158 607 4236 plerisque
630 4158 858 4236 occupavissent,
872 4159 976 4223 caedes
994 4159 1024 4216 in
1045 4159 1114 4222 foro
1126 4158 1253 4220 maxima
1265 4156 1411 4221 iactaest

346 4255 423 4337 (Pro
435 4255 511 4345 ses.
526 4253 562 4334 §s
578 4251 719 4333 ιι-ιι)
