3334 5109
1439 371 1812 424 LATINE.
2549 370 2686 421 127

535 551 974 597 ‘comum
1007 554 1110 597 ΕΤ
1137 553 1433 597 Locum.
1479 553 1654 606 [Prot.
1689 553 1755 597 G.
1782 554 1848 596 Β.
1873 553 2137 606 Hopson.]

663 655 783 714 Hic
811 664 900 714 est
929 657 1141 714 domus
1181 657 1444 728 locanda,
1478 657 1760 728 universa,
1793 656 1880 713 vel
1925 659 1984 712 in
2028 655 2306 734 partibus,
2393 654 2689 732 Ingredia-

539 772 674 810 mur
702 761 762 811 et
789 773 918 812 eam
948 761 1289 812 scrutemur.
1375 754 1560 826 Salve,
1592 754 1846 812 Domine
1877 753 2085 813 Smith.
2172 753 2369 811 Velim
2398 752 2567 810 nobis
2589 760 2692 810 tua

531 849 811 908 cubicula
837 851 1133 923 ostendas,
1165 851 1214 907 si
1243 851 1449 928 placet.

662 945 1068 1005 Perlubentur.
1174 946 1434 1005 Domum
1504 948 1900 1026 ingredimini.
2002 946 2161 1016 Quot
2208 945 2578 1005 conclavibus
2632 951 2692 1002 et

532 1043 710 1120 cujus
736 1045 971 1122 generis
997 1043 1167 1102 vobis
1195 1063 1344 1122 opus
1373 1046 1502 1102 est?

662 1138 777 1198 Sex
806 1147 868 1198 et
893 1139 1104 1213 culina,
1137 1141 1365 1220 optimo
1395 1149 1568 1200 statu.

661 1235 1040 1316 Supellectile
1067 1239 1389 1311 instructis,
1421 1221 1605 1296 necne
1628 1241 1649 1296 2

661 1333 854 1407 Certe,
885 1335 1230 1394 instructis:
1275 1335 1341 1393 Si
1371 1337 1581 1409 minua,
1614 1336 1847 1394 inutilia
1874 1343 2028 1394 sunt.

662 1430 856 1490 Vobis
900 1432 1174 1491 cubicula
1217 1434 1541 1492 ostendam.
1628 1432 1841 1504 Scalas,
1884 1434 2038 1504 ultis,
2077 1432 2391 1492 ascendite.
2477 1431 2692 1489 Secun-

539 1528 683 1587 dum
719 1528 1048 1588 tabulatum
1095 1530 1382 1602 incoletis,
1416 1529 1892 1606 quandoquidem
1938 1529 2193 1606 primum
2234 1528 2356 1606 jam
2405 1535 2493 1585 est
2540 1528 2689 1585 loca·

544 1633 690 1683 tum.
775 1625 962 1697 Scala,
993 1625 1227 1697 videtis,
1258 1626 1454 1702 ampla
1481 1633 1586 1684 est.

662 1721 940 1781 Oleatum
968 1723 1174 1781 textile
1202 1723 1263 1780 in
1292 1722 1462 1780 scalis
1490 1722 1739 1779 tolerare
1768 1741 1884 1779 non
1913 1741 2166 1800 possum.

662 1818 798 1877 Hoc
847 1818 925 1877 ad
970 1826 1032 1877 te
1077 1817 1529 1897 gratificandum
1579 1818 1830 1875 libenter
1867 1817 2127 1876 mutabo,
2214 1817 2402 1876 Sellae
2432 1817 2579 1875 istae
2606 1837 2690 1876 re-

540 1923 741 1974 center
768 1923 1010 1993 opertae
1039 1923 1192 1974 sunt.
1279 1914 1528 1992 Quoque
1559 1915 1825 1972 cubiculo
1856 1914 2055 1973 orbem
2084 1934 2335 1984 mensae,
2359 1916 2686 1987 armarium,

546 3629 648 3668 sex
670 3603 867 3682 sellas,
887 3609 1089 3666 omnia
1116 3609 1372 3687 denique
1400 3609 1726 3666 necessaria
1751 3609 2025 3667 invenies.
2083 3607 2354 3687 Supellex
2377 3616 2466 3666 est
2485 3608 2689 3667 nitida.

546 3705 772 3766 Omnes
796 3705 1105 3786 lectisunt
1129 3706 1309 3765 ferrei
1337 3713 1397 3764 et
1425 3726 1610 3785 nuper
1636 3707 1882 3784 purgati.
1967 3704 2126 3774 Quot
2151 3706 2272 3763 vis?

665 3802 808 3862 Duo
837 3802 977 3860 lecti
1005 3803 1266 3880 spatiosi,
1297 3811 1358 3861 et
1383 3809 1502 3861 tres
1529 3803 1757 3882 grabati
1797 3822 1902 3881 pro
1943 3804 2153 3880 pueriS‚
2186 3809 2246 3860 et
2272 3801 2559 3860 cunabula
2583 3821 2692 3880 pro

546 3899 844 3959 infantulo
872 3899 1009 3958 sint.

670 3978 989 4058 Speculum
1019 3985 1111 4038 est
1137 3980 1366 4057 antiqui
1392 3981 1639 4059 generis,

671 4075 853 4135 Estne
881 4077 1057 4135 unius
1083 4076 1334 4135 laminae
1355 4079 1377 4136 2

991 4249 1328 4300 Illustration:
1365 4250 1525 4299 Room
1546 4249 1601 4300 in
1623 4250 1820 4299 ancient
1840 4250 2007 4312 batha,
2029 4265 2155 4314 page
2180 4253 2255 4299 14.
