3334 5109
721 403 910 458 LATINE.
1276 402 1351 455 245

340 568 422 627 Geor.
446 568 578 630 Verum:
596 571 649 629 sed
662 570 723 647 jam
738 570 808 628 olim
824 571 874 629 ille
887 570 998 630 oblitus
1011 578 1101 630 estse
1115 571 1203 629 luisse
1217 590 1349 648 puerum.

276 664 327 723 Ad
340 666 463 724 verbera
475 668 634 725 facillimus
648 675 692 726 est
706 675 737 726 et
750 668 886 727 liberalia

335 763 403 823 ror.
426 764 567 823 Attamen
594 766 814 844 protrahendus
834 775 879 824 est
904 767 1010 844 aliquis
1035 766 1148 844 legatus
1168 784 1227 821 non
1250 764 1351 821 admo-

276 862 348 920 dum
359 862 664 935 verecundiaefroutis,
675 882 763 940 quem
774 881 834 919 non
845 862 925 921 illico
936 862 1064 941 protelet
1072 864 1133 919 suis
1141 861 1236 919 saevis
1245 860 1349 918 dictis!

340 960 421 1019 Geor.
444 960 509 1032 Eat,
526 962 576 1037 qui
591 961 688 1019 volet:
712 980 767 1039 ego
782 980 880 1019 carere
894 960 971 1017 malo
986 979 1074 1038 quam
1087 978 1198 1037 rogare.

335 1056 405 1116 Jolr.
428 1056 524 1115 Nemo
540 1058 633 1136 magis
647 1058 824 1117 accomodus
838 1058 876 1115 ad
890 1058 965 1115 hanc
980 1057 1166 1135 legationem,
1178 1054 1348 1132 mejudice,

277 1172 364 1231 quam
379 1153 530 1233 Edgarusl

341 1251 409 1310 aaz.
433 1251 538 1325 Nemo,
554 1254 709 1331 profecto!
752 1252 830 1310 Nam
851 1252 1010 1330 perfrictae
1030 1251 1139 1309 frontis
1158 1257 1211 1322 est,
1226 1268 1261 1308 ac
1275 1250 1349 1308 bene

276 1348 556 1426 linguar-Deinde
571 1370 689 1409 sensum
704 1350 833 1408 hominis
847 1349 967 1426 pulchre
982 1348 1087 1406 callet!

335 1445 396 1504 Jot
410 1456 437 1504 et
455 1447 535 1505 Geor.
559 1447 582 1517 1,
598 1447 732 1525 Edgare!
754 1447 791 1504 ab
813 1445 949 1503 omnibns
970 1444 1055 1503 nobis
1073 1463 1209 1523 magnam
1224 1444 1350 1501 initurus

276 1544 419 1621 gratiam!

337 1640 415 1715 Ede.
439 1640 586 1718 Equidem
606 1641 738 1719 experiar
753 1638 865 1698 sedulo.
909 1638 1020 1697 Vemm
1044 1639 1070 1696 si
1093 1657 1154 1696 uon
1177 1638 1349 1695 successerit

275 1757 313 1795 ne
327 1736 457 1795 conserte
471 1738 587 1815 culpam
602 1738 632 1794 in
647 1744 793 1795 oratorem
807 1736 954 1794 vestrum!

344 1832 449 1893 Omnes
463 1834 527 1893 alii.
551 1834 634 1893 Bene
648 1834 798 1891 ominare!
840 1833 901 1890 Abi
917 1838 1031 1890 orator:
1054 1832 1160 1891 reditis
1173 1831 1327 1889 exorator!
1425 1844 1428 1848 ’

336 1931 414 2005 adq.
438 1930 499 1989 Eo!
542 1930 624 1989 Bene
642 1931 772 1989 fortunet
787 1930 967 2008 legationem
982 1949 1077 1988 meam
1093 1930 1296 1988 Mercurius-

1079 2023 1344 2105 [lineamentum]

729 2123 833 2182 Scurra
855 2123 895 2182 11.

664 2252 809 2311 Stadium
823 2252 967 2326 magistri.
1084 2263 1087 2267 '

347 2381 557 2463 [Pcedapoyus
572 2384 661 2442 libros
671 2382 1072 2458 ponderans—paleatioaem
1085 2383 1153 2440 ostii
1166 2381 1276 2463 cudit]

344 2514 427 2572 Voces
441 2522 522 2572 extra
535 2514 650 2575 ostium.
675 2513 766 2587 Heus,
782 2513 864 2586 heus,
880 2513 1075 2591 Praeceptor!

337 2612 392 2672 Pr.
416 2611 486 2669 Non
500 2611 607 2669 audio!

336 2708 448 2782 Edycr.
475 2706 612 2788 [Extra]
643 2707 735 2779 Heus,
750 2709 879 2786 inquam,
895 2707 1090 2786 Praeceptor!

337 2806 394 2865 Pr.
417 2802 645 2886 [Impatienter]
689 2805 762 2875 Quis
777 2806 823 2863 his
837 2813 883 2864 est
895 2814 956 2863 tam
969 2806 1110 2865 molestus
1123 2806 1344 2884 interpellatori

337 2902 415 2977 Ede.
438 2902 492 2960 Est
506 2903 599 2960 seriae
614 2903 656 2961 rei
671 2902 812 2980 quiddam
828 2902 909 2980 quod
922 2911 953 2961 te
966 2904 1053 2961 volo!
1082 2900 1270 2979 [Praeceptor
1279 2903 1348 2959 osti-

276 3020 327 3057 um
349 3008 452 3074 operel.
495 2999 617 3057 latrant
641 3008 781 3075 quattuor
801 3000 890 3073 pueri
911 3000 1157 3076 obsequentissime
1172 3000 1346 3057 inclinantes

276 3106 363 3172 atque
376 3094 558 3176 salutantes]

345 3192 450 3252 Omnes
461 3195 555 3267 pueri.
579 3194 673 3267 Salve,
689 3193 868 3272 Praeceptor
881 3195 1080 3253 observande!

338 3290 392 3349 Pr.
416 3291 562 3348 Insidiosa
575 3292 719 3350 civilitas!
756 3290 835 3349 Satis
855 3292 916 3369 jam
931 3293 1048 3351 salveo!
1086 3290 1154 3363 Dic,
1170 3292 1243 3369 quid
1257 3291 1347 3349 velis!

337 3388 414 3461 adq.
437 3387 530 3446 Totus
549 3387 762 3466 discipulorum
780 3396 899 3447 tuorum
917 3409 989 3468 grex
1002 3398 1066 3447 orat
1079 3389 1201 3446 ludendi
1215 3389 1347 3446 veniam!

338 3485 392 3543 Pr.
416 3484 499 3542 Nihil
515 3485 596 3543 aliud
611 3505 697 3563 quam
712 3485 815 3544 luditis
829 3488 920 3544 etiam
930 3487 1040 3564 absque
1048 3487 1141 3544 venia.
1170 3485 1348 3544 Laxamento

278 3602 352 3661 opus
366 3590 411 3641 est
421 3582 458 3640 iis
473 3583 523 3660 qui
537 3582 726 3641 vehementer
739 3582 883 3641 laborant.

338 3678 416 3754 adq.
438 3679 614 3737 Adnitimur
638 3699 692 3757 pro
712 3680 824 3738 viribus
844 3681 961 3739 nostris.
1004 3680 1088 3737 Etsi
1110 3680 1182 3757 quid
1205 3678 1347 3737 hactenus

277 3784 421 3835 cessatum
436 3785 489 3849 est,
504 3784 573 3854 post
582 3776 638 3834 hac
653 3777 810 3855 diligenter
824 3776 981 3836 sancietur!

338 3873 393 3934 Pr.
417 3872 466 3932 Oh
490 3875 633 3932 sartores!
676 3874 744 3932 Scio
767 3895 854 3953 quam
868 3894 927 3933 nou
943 3876 982 3932 sit
995 3882 1093 3932 tutum
1107 3874 1192 3932 vobis
1213 3874 1348 3933 eredere!

179 3970 183 3979 '
278 3968 389 4027 Tamen
402 3969 460 4028 hoc
484 3970 648 4049 periculum
671 3972 780 4029 faciam
802 3990 890 4049 quam
912 3971 977 4030 sitis
997 3962 1091 4030 bonae
1112 3969 1189 4030 fidei.
1234 3971 1350 4030 Ludant

278 4067 332 4125 sed
351 4069 497 4146 gregatim
518 4069 549 4126 in
570 4069 688 4147 campis.
731 4068 792 4127 Sed
808 4070 890 4147 prius
904 4089 992 4148 quam
1006 4070 1094 4128 abitis
1108 4088 1198 4147 parva
1210 4070 1348 4127 exercita·

279 4165 323 4224 tio
344 4166 376 4223 in
398 4165 530 4223 moribus
553 4165 688 4223 civilibus
707 4186 768 4223 uon
791 4167 924 4226 dedecet
967 4167 1013 4225 Tu
1030 4167 1106 4225 milri
1121 4167 1230 4225 videris
1243 4186 1303 4225 uon
1318 4168 1347 4224 in

279 4262 346 4321 aula
368 4270 463 4335 uatus,
479 4262 531 4322 sed
552 4262 584 4321 iu
609 4263 710 4322 caula!
735 4263 810 4322 adeo
830 4266 961 4322 moribus
977 4284 1009 4323 es
1022 4254 1193 4343 agrestibus.
1238 4264 1350 4323 Pueros
