3334 5109
731 392 918 444 LATINE.
1311 395 1353 444 71

346 544 418 603 Tam
440 544 647 621 cognoscimus
665 542 842 619 Eurysacem
857 561 915 599 non
931 543 1023 600 solum
1039 544 1189 621 pistorem,
1203 543 1255 601 scd
1270 544 1360 602 etiarn

286 641 502 719 redemptorem
517 642 614 699 fuisse.
658 640 752 717 Super
774 639 849 696 hanc
871 641 1091 717 inscriptionem
1113 648 1172 697 tres
1186 639 1361 717 scries'lapi·

282 739 408 797 deorum
424 740 631 796 mortariorum
646 738 687 795 ita
702 738 815 815 positae
830 747 906 808 sunt,
922 746 955 793 ut
969 738 1112 795 foramina
1126 738 1266 794 viatorem
1281 754 1361 814 speo-

286 842 358 893 tent

348 933 458 991 Multae
480 933 621 1009 reliquiae
643 930 835 988 caelaminum
851 930 881 986 in
897 929 1027 1007 zophoro
1044 931 1088 1009 (in
1103 927 1247 1007 margine)
1264 928 1361 987 adhuc

287 1030 528 1107 conspiciuntur:
555 1047 629 1105 quae
655 1028 749 1085 varias
777 1027 907 1084 actiones
935 1027 1090 1104 coquendi,
1107 1046 1174 1083 vasa
1200 1026 1361 1104 coquendis

286 1126 363 1185 cibis
386 1126 480 1199 utilia,
495 1125 621 1197 furnum,
637 1124 802 1202 pistrinum,
819 1124 952 1182 homines
973 1123 1096 1181 farinam
1118 1124 1289 1202 pendentes,
1304 1123 1362 1181 dis·

285 1222 480 1281 tributionem
507 1223 591 1300 panis
619 1221 767 1279 exhibent.
818 1220 924 1278 Viator
951 1220 1102 1299 Pompeiis
1130 1240 1207 1278 nunc
1234 1221 1360 1279 eundem

285 1319 444 1397 pistrinum
458 1319 580 1391 invenit,
595 1318 680 1395 cujus
694 1319 792 1395 imago
807 1318 837 1374 in
851 1317 908 1374 boc
922 1325 1113 1375 monumento
1128 1324 1180 1375 est.

347 1416 438 1475 Juxta
452 1423 497 1474 est
511 1416 656 1473 caelamen
672 1415 728 1473 hac
742 1415 932 1492 inscriptione
946 1422 1089 1473 ornatum.

511 1528 607 1586 svm
635 1527 801 1585 Arrsrm
829 1527 946 1586 vxor
974 1528 1136 1586 Minni-

368 1624 527 1683 nnumx
554 1624 728 1683 orrvnx
756 1624 1119 1693 vnrxsrr-ovorvs
1146 1624 1347 1684 CORPORIS

368 1721 751 1791 annrovmn-ovon
780 1721 997 1781 supernum
1025 1722 1134 1780 svur
1162 1722 1248 1780 m-

369 1819 455 1878 floo
482 1803 679 1880 Paulam.

350 1932 494 2012 Reliqniis
507 1934 596 2010 hujus
612 1934 733 2011 panarii,
750 1933 831 2011 quod
845 1934 956 1991 cineres
970 1933 1125 2010 Eurysacis
1139 1941 1170 1992 et
1184 1934 1281 1991 uxoris
1295 1952 1363 1991 con·

287 2031 410 2103 tinebat,
427 2030 616 2089 confirmatur
631 2039 761 2088 extremo
784 2038 917 2108 tempore
931 2031 973 2087 rei
987 2029 1122 2108 publicae
1136 2038 1187 2088 aut
1199 2032 1295 2109 primo
1309 2031 1363 2088 irn-

287 2129 364 2207 perii
377 2129 490 2187 factum
506 2148 577 2186 esse.
1344 2181 1347 2186 ,

351 2226 419 2284 Hoc
433 2233 658 2284 monumentum
673 2245 740 2283 cum
754 2225 855 2283 multis
869 2226 933 2282 aliis
947 2225 1062 2303 planius
1077 2245 1165 2304 quam
1179 2244 1279 2284 omnes
1293 2224 1361 2283 libri

288 2323 418 2402 explicat
440 2323 639 2382 Romanorum
656 2323 775 2381 vivendi
799 2322 963 2400 agendique
987 2324 1123 2381 rationes.
1166 2321 1362 2391 Quamobrem

289 2438 368 2478 nunc
390 2420 614 2499 diligentissime
629 2440 647 2477 a
660 2421 841 2477 curiosorum
863 2417 998 2476 manibus
1021 2420 1192 2477 custoditur.
1235 2418 1266 2476 Si
1286 2419 1365 2477 litto-

288 2538 387 2576 rarum
402 2518 508 2577 ductus
522 2518 664 2577 extricare
678 2518 816 2595 potueris,
833 2536 951 2593 parvam
965 2517 1040 2575 banc
1055 2518 1210 2595 epistulam
1227 2515 1307 2574 band
1321 2518 1364 2574 in-

290 2616 382 2673 vitum
397 2622 427 2673 te
441 2614 586 2673 lecturum
601 2634 663 2672 esse
678 2634 771 2693 spero.
814 2614 897 2672 Vale.

285 2796 449 2841 amm.
476 2796 647 2850 [hasnum]

349 2898 462 2958 Affines
477 2900 622 2971 dicuntur,
639 2901 689 2977 qui
711 2918 769 2957 non
784 2898 941 2976 sanguinis,
956 2898 1007 2957 sed
1029 2898 1207 2956 matrimonii
1226 2897 1366 2976 conjunc-

288 2996 370 3055 tione
385 2996 514 3074 copulati
529 3002 605 3055 sunt.

351 3091 449 3165 Socer,
464 3093 562 3151 uxoris
576 3112 658 3151 meae
672 3100 755 3170 pater
770 3100 813 3150 est
827 3092 908 3150 mibi.

350 3189 457 3262 Gener,
472 3188 548 3247 filiae
561 3208 644 3247 meae
657 3190 786 3246 maritus.

352 3284 467 3356 Socrus,
482 3286 581 3343 uxoris
594 3304 677 3344 meae
691 3293 791 3343 mater.

351 3380 459 3455 Nurus,
475 3380 527 3439 filii
541 3383 598 3439 mei
613 3402 693 3441 uxor.
780 3447 782 3452 .

352 3477 446 3552 Levir,
461 3479 561 3538 Mariti
581 3480 818 3539 frater-levitur
832 3479 939 3537 dicitnr
956 3480 992 3537 ab
1005 3500 1098 3539 uxore
1111 3488 1145 3538 nt
1158 3480 1272 3540 Helena
1285 3480 1367 3540 Hec-

290 3583 386 3635 torem
401 3577 523 3634 earam
536 3584 630 3649 vocat,
646 3577 726 3655 quod
740 3585 817 3636 essct
830 3585 922 3655 nupta
936 3578 1044 3636 Paridi.

352 3672 473 3746 Fratria,
487 3673 586 3731 fratris
599 3675 659 3732 mei
675 3694 754 3733 uxor.

352 3770 434 3844 (llos,
446 3770 545 3828 Mariti
560 3790 649 3829 soror.

352 3866 493 3940 Vitricus,
508 3867 609 3925 matris
622 3887 705 3926 meae
719 3869 849 3926 maritus.

353 3964 496 4038 Noverca,
511 3965 602 4043 patris
615 3965 675 4023 mei
689 3984 769 4022 uxor.

281 4118 284 4125 ,
353 4061 518 4140 Privignus,
533 4062 632 4120 uxoris
646 4069 698 4119 aut
711 4062 807 4120 mariti
823 4062 904 4120 filius.

353 4157 503 4236 Privigna,
518 4158 577 4216 filia
590 4159 764 4217 alterutrius.

283 4297 300 4317 -.
354 4256 474 4313 Rivalis
488 4257 539 4333 qui
554 4263 632 4315 amat
646 4256 770 4315 eoadem.
