3334 5109
350 397 399 447 70
784 400 970 451 LATINE.

348 564 504 625 millesimo
518 567 779 645 septingentesimo
793 566 971 643 sexagesimo
986 574 1089 644 quarto
1103 586 1153 623 arx
1167 567 1283 644 fulgure
1298 568 1357 625 icta
1370 574 1415 625 est

348 670 378 721 et
392 683 466 742 quae
481 684 547 742 pars
561 664 733 722 inflammari
756 670 869 741 poterat
882 670 927 720 est
940 672 1120 742 consumpta
1164 664 1251 722 Nunc
1266 684 1325 736 arx,
1340 665 1416 722 facta

347 763 431 819 ruina
446 780 551 838 magna
567 760 787 837 splendidaque,
802 778 878 816 anno
893 760 1059 837 frequentia
1072 761 1226 818 hominum
1247 760 1349 819 crebra
1362 768 1415 819 est

348 857 383 915 Ei
398 859 470 915 sitae
485 858 574 935 pedes
589 863 734 914 trecentos
748 857 808 914 fere
823 876 909 935 supra
922 856 1029 914 flumen
1043 858 1073 914 in
1094 859 1179 930 clivo,
1193 858 1259 916 loco
1281 876 1414 929 amoeno,

348 954 420 1011 olim
440 954 519 1011 borti
540 953 728 1031 pulcherrimi
750 955 1011 1025 circumdabantur,
1026 974 1104 1012 nunc
1125 962 1224 1013 autem
1238 954 1357 1011 arbores
1371 972 1417 1011 so·

347 1051 392 1109 lae
407 1052 516 1109 circum
531 1056 672 1121 crescunt,
683 1069 735 1128 per
749 1070 820 1128 quas
830 1054 893 1110 viae
907 1071 1011 1110 curvae
1025 1071 1192 1129 opacaeque
1206 1058 1325 1130 apertae
1338 1059 1414 1109 sunt

349 1148 396 1205 Ab
410 1147 457 1204 his
471 1148 525 1204 viis
539 1154 570 1204 ct
583 1166 636 1223 per
650 1166 753 1205 vacuas
772 1148 912 1206 fenestras
933 1150 1012 1227 ipsae
1033 1149 1107 1206 arcis
1128 1148 1226 1219 colles,
1241 1157 1333 1227 prata,
1349 1148 1415 1220 vici,

348 1244 445 1315 silvae,
460 1242 588 1315 flumina,
604 1243 668 1301 loca
682 1244 781 1302 omnia
795 1246 988 1322 pulcherrima
1002 1245 1094 1302 videri
1112 1252 1245 1322 possunt
1288 1244 1358 1302 Non
1372 1252 1416 1302 est
1487 1290 1490 1293 .

347 1341 472 1399 dubium
488 1342 558 1419 quin
573 1341 706 1399 homines
720 1342 775 1418 qui
788 1341 873 1399 huius
893 1344 967 1400 arcis
988 1343 1077 1399 situm
1098 1341 1232 1419 legerint,
1246 1341 1334 1399 rebus
1354 1342 1417 1420 pul·

348 1438 426 1496 chris
440 1439 568 1517 locisque
582 1439 712 1497 amoenis
726 1436 916 1498 afficerentur.
953 1438 1011 1497 Hic
1027 1439 1176 1496 Electores
1190 1438 1320 1496 Palatini
1334 1438 1417 1495 habi-

347 1543 410 1594 tare
423 1536 564 1594 solebant.
607 1536 688 1595 Intra
701 1554 800 1593 muros
813 1537 895 1611 arcis,
911 1536 982 1593 dum
1002 1535 1109 1606 stabat,
1123 1535 1234 1593 multae
1255 1555 1303 1593 res
1323 1535 1416 1594 laetae

347 1632 514 1709 multaeque
523 1652 570 1691 res
583 1632 719 1691 horridae
733 1639 814 1691 actae
828 1640 904 1691 sunt.
941 1633 975 1691 ln
990 1633 1064 1690 aulis
1076 1632 1130 1689 viri
1145 1630 1340 1709 mulieresque
1354 1651 1417 1690 mu·

348 1730 415 1801 sica,
431 1736 526 1801 cantu,
539 1729 637 1801 choro,
648 1728 741 1806 epulis
754 1730 914 1806 gaudentes
928 1730 1158 1808 colligebantur3
1178 1728 1304 1787 fortasse
1317 1736 1416 1787 autem

347 1826 378 1883 in
393 1826 498 1883 eodem
513 1832 644 1902 tempore
658 1826 766 1903 captivi
780 1828 867 1883 variis
885 1827 1055 1884 criminibus
1069 1826 1205 1896 accusati,
1221 1824 1322 1883 eculeo
1344 1825 1419 1882 mul-

347 1924 445 1999 tisque
459 1922 523 1979 aliis
537 1922 633 1979 modis
647 1923 783 1980 atrociter
793 1923 1010 2000 torquebantur.
1046 1922 1104 1979 His
1116 1922 1218 2000 paucis
1231 1922 1317 1979 annis
1330 1921 1417 1979 multi

348 2018 377 2075 in
394 2020 534 2077 societate
555 2037 585 2075 se
606 2018 789 2077 sociaverunt
809 2020 867 2096 qui,
881 2038 920 2077 ne
941 2038 992 2076 arx
1005 2020 1085 2076 varia
1105 2024 1289 2096 tempestate,
1312 2020 1417 2091 calore,

347 2117 424 2194 gelu,
446 2115 545 2194 pluvia
569 2117 635 2194 plus
655 2115 808 2189 laberetur,
823 2116 979 2194 prohibere
993 2122 1154 2174 conaretur.
1197 2114 1247 2174 Ab
1268 2116 1415 2189 omnibus,

347 2214 525 2290 ubicumque
546 2213 676 2270 locorum
701 2221 777 2285 sunt,
795 2214 867 2270 socii
882 2213 919 2270 ad
938 2232 1033 2271 arcem
1047 2212 1236 2271 reficiendam
1260 2213 1416 2291 pecuniam

347 2317 463 2388 potunt.
506 2309 580 2367 Cum
595 2328 690 2367 arcem
705 2317 864 2368 restaurare
878 2329 938 2367 non
948 2311 1076 2388 cupiant,
1089 2327 1119 2368 se
1133 2310 1164 2367 in
1180 2329 1239 2388 quo
1250 2318 1330 2367 statu
1340 2329 1417 2368 nunc

348 2408 387 2465 sit
401 2426 465 2465 eam
480 2414 642 2464 servaturos
656 2414 780 2485 sperant
823 2406 919 2465 Nemo
934 2408 984 2485 qui
1007 2407 1095 2464 semel
1117 2426 1213 2465 arcem
1226 2407 1335 2465 viderit
1355 2426 1418 2484 par·

348 2524 413 2561 vam
429 2504 582 2583 pecuniam
598 2503 667 2562 dare
680 2524 734 2582 pro
747 2512 807 2562 tam
821 2504 899 2561 bona
912 2522 998 2561 causa
1012 2503 1145 2562 dubitare
1159 2511 1265 2582 potest
1308 2503 1423 2562 Omnes

348 2620 408 2658 non
422 2609 546 2680 possunt
560 2602 630 2679 quin
645 2610 763 2680 sperent
777 2601 841 2659 illos
861 2603 892 2659 in
911 2601 964 2659 tali
984 2601 1083 2659 labore
1097 2621 1253 2680 prosperos
1267 2621 1419 2660 successus

349 2696 500 2756 habituros
515 2718 584 2756 esse.
627 2697 710 2757 Vale.
1193 2703 1199 2714 '

398 2812 490 2861 Datum
503 2812 687 2875 Heidelbergae,
700 2827 723 2861 a
734 2826 757 2861 n.
770 2811 825 2861 XV.
839 2812 893 2861 Kal.
907 2812 959 2861 Oct.
974 2812 1220 2861 unccctxxxlv.

850 2964 942 3013 Danau
954 2965 1051 3026 Rom,
1063 2971 1121 3014 ante
1134 2965 1200 3013 diem
1212 2964 1243 3014 V.
1255 2964 1312 3014 Kal
1325 2966 1386 3028 Apr.

349 3064 400 3124 W.
417 3063 448 3122 L.
464 3063 508 3136 0.,
524 3064 556 3122 Ε.
573 3064 601 3123 S.
618 3064 791 3137 Snusswnr,
807 3063 835 3122 S.
851 3064 889 3123 D.
905 3064 939 3123 P.

411 3161 584 3240 Sepulcrum
605 3160 794 3219 memorabile
814 3162 845 3218 in
860 3161 918 3219 Via
931 3160 1078 3218 labicana
1097 3179 1190 3239 prope
1204 3168 1329 3238 portam,
1344 3179 1420 3239 quae

351 3258 459 3317 dicitur
482 3257 687 3336 “Maggiore”
711 3277 787 3317 anno
810 3265 878 3337 post
899 3257 967 3316 Chr.
994 3257 1151 3315 millesimo
1174 3258 1421 3336 octingentesimo

351 3356 674 3433 duodequadragesimo
694 3356 845 3413 inventum
866 3364 918 3413 est.
961 3354 1062 3413 Murus
1082 3355 1119 3412 ab
1141 3354 1277 3413 Honorio
1295 3363 1422 3414 exstruc-

351 3458 398 3509 tus
412 3451 445 3509 id
455 3471 508 3530 per
520 3452 629 3510 multos
643 3471 734 3509 annos
756 3452 829 3509 adeo
849 3452 1000 3524 celaverat,
1015 3459 1048 3509 ut
1062 3471 1097 3509 ex
1111 3450 1265 3510 hominum
1279 3453 1421 3511 memoria

350 3548 491 3626 paulatim
508 3547 592 3625 plane
607 3548 847 3625 exstingueretur.

412 3645 589 3703 Aedilicium
615 3651 752 3723 quattuor
775 3643 913 3719 lateribus
934 3664 986 3723 per
1009 3646 1067 3703 tria
1088 3645 1220 3704 tabulata
1233 3646 1418 3719 discernitur,

353 3761 477 3820 quorum
491 3743 617 3821 primum
633 3742 810 3800 ornamentis
824 3748 917 3799 caret:
932 3741 1091 3800 secundum
1103 3749 1219 3800 constat
1233 3763 1248 3801 e
1262 3742 1422 3821 lapidibus,

353 3838 488 3917 qualibus
502 3838 627 3917 pistores
648 3838 686 3895 ad
710 3858 815 3916 panem
829 3836 1024 3916 subigendum
1040 3839 1082 3897 uti
1104 3839 1245 3897 solebant.
1289 3838 1324 3897 In
1339 3858 1442 3918 supe-2

351 3936 428 3993 riore
443 3940 525 4014 parte
539 3933 610 3993 haec
620 3934 772 4012 inscriptio
787 3941 830 3993 ter
844 3937 967 4012 repetita
980 3935 1168 4013 conspicitur.

633 4047 707 4105 EST
734 4048 819 4108 HOC
847 4048 1129 4108 MONIMENTVM
1345 4084 1348 4087 ·

475 4140 630 4201 MARCEI
657 4144 850 4203 VERGILEI
877 4145 1104 4205 EVRYSACIS
1132 4144 1317 4204 PISTORIS

475 4239 733 4299 REDEMTORIS
761 4241 959 4301 APPARET.
