3334 5109
684 425 874 478 LATINEL
1242 422 1311 476 187

240 592 369 650 eundem
380 591 438 650 sibi
448 592 642 671 interroganti
657 611 743 670 quem
756 571 887 650 crederet
898 591 1030 649 Homero
1040 591 1165 647 maxime
1176 588 1314 647 accedere

242 689 428 768 respondisse
452 690 618 769 Vergilium
643 689 805 748 secundum
829 708 893 748 csse
912 689 1079 767 propiorem
1101 695 1198 744 tamen
1219 687 1314 764 primo

243 805 331 864 quam
354 787 452 846 tertio.
496 788 586 846 Putat
613 787 780 846 Lucretium
809 785 928 864 quidem
957 784 1123 862 legendum,
1149 802 1314 861 quanquam

237 883 372 942 difficilis
393 885 447 953 sit;
469 885 632 942 Varronem
655 903 715 942 non
737 882 949 962 spemendum3
971 873 1108 953 Ennium,
1123 882 1198 939 sicut
1218 900 1315 939 sacros

242 978 324 1036 lucos
346 986 491 1038 vetustate
515 981 714 1049 adorandum
742 979 881 1039 Ovidium
906 979 936 1036 in
962 979 1094 1059 partibus
1118 977 1314 1051 laudandum3

243 1075 393 1134 Lucanum
408 1078 561 1136 sententiis
575 1077 767 1135 clarissimum
782 1084 813 1135 et
826 1077 920 1155 magis
933 1074 1099 1136 oratoribus
1112 1095 1198 1153 quam
1219 1076 1315 1154 poetis

244 1171 431 1230 imitandum.

304 1268 454 1328 B.-H0c
467 1269 611 1348 judicium
627 1269 701 1328 mihi
715 1269 817 1348 placet
860 1268 939 1339 Quid
953 1270 991 1328 de
1004 1270 1088 1328 aliisl

304 1365 470 1425 A.-Dicit
498 1368 528 1426 in
558 1367 672 1426 Lucilio
704 1367 899 1425 eruditionem
930 1368 1033 1424 miram
1062 1387 1128 1425 cum
1158 1367 1315 1425 acerbitate

238 1462 449 1540 -conjuuctam3
475 1463 634 1522 Horatium
655 1483 718 1522 esse
739 1463 890 1522 tersiorem
909 1470 941 1521 et
955 1465 1103 1543 puriorem
1120 1462 1164 1543 (in
1179 1463 1314 1541 saturis),

244 1560 378 1618 Persium
413 1561 538 1620 multum
567 1581 652 1620 verue
680 1561 790 1640 gloriae
817 1561 963 1619 memisse.
1020 1561 1190 1639 Lyricorum
1218 1567 1315 1617 autem

245 1657 403 1715 Horatium
417 1657 481 1716 fere
494 1657 590 1716 solum
605 1677 669 1716 esse
682 1658 816 1736 dignum,
833 1659 883 1736 qui
898 1657 1019 1736 legatur.

304 1752 508 1812 B.-Nihilne
522 1754 560 1813 de
574 1755 696 1814 comicis
710 1752 842 1813 Latinisl

304 1849 490 1922 A.-Varro,
519 1852 569 1922 ait,
599 1852 672 1910 dicit
706 1851 805 1909 Musas
838 1850 975 1908 Plautino
1010 1869 1143 1908 sermone
1169 1849 1316 1907 locuturas

236 1946 383 2015 :fuissesi
407 1946 512 2006 Latine
535 1947 617 2025 loqui
643 1947 767 2021 vellent3
795 1948 904 2026 scripta
922 1954 1022 2004 autern
1045 1947 1163 2005 Terenti
1184 1947 1239 2005 sibi
1261 1946 1317 2004 ele·

236 2043 378 2122 ‘gantiora
391 2045 536 2105 videntur.

303 2139 465 2210 B.-Quid
478 2141 517 2199 de
531 2141 663 2199 historiis
674 2142 684 2200 l

302 2236 453 2296 A.-Non
478 2237 596 2297 dubitat
620 2238 790 2296 Sallustium
816 2237 994 2314 Thucydidi,
1015 2237 1130 2296 Livium
1158 2238 1312 2296 Herodoto

236 2333 400 2413 opponere.
436 2333 551 2393 Laudat
564 2336 654 2393 etiam
676 2335 830 2394 Servilium
846 2342 877 2393 et
891 2333 1059 2407 Aufidium,
1080 2335 1154 2394 dicit
1166 2354 1316 2413 superesse

239 2429 340 2489 adhuc
363 2432 460 2490 virum
488 2432 668 2491 sacculorum
694 2433 836 2492 memoria
859 2431 999 2510 dignum,
1030 2451 1090 2490 non
1114 2433 1236 2490 dubium
1262 2441 1314 2504 est,

244 2528 315 2604 quin
339 2527 477 2587 Tacitum
502 2530 599 2588 vivum
621 2531 653 2588 in
676 2530 775 2588 animo
799 2528 944 2588 habuerit.
987 2529 1158 2588 Ciceronem
1180 2530 1316 2586 maximis

243 2625 380 2685 laudibus
393 2625 494 2702 afficit,
509 2626 561 2704 qui
574 2627 635 2684 vim
657 2623 876 2698 Demosthenis,
891 2627 1007 2705 copiam
1027 2626 1169 2701 Platonis,
1183 2627 1317 2704 jucundi-

237 2729 335 2780 tatem
351 2721 490 2781 Isocratis
504 2721 642 2802 effingere
657 2723 739 2795 sciat,
753 2731 787 2781 ut
799 2723 860 2801 jam
875 2723 978 2782 Cicero
993 2743 1052 2782 non
1066 2723 1195 2781 hominis
1208 2743 1316 2782 nomen

244 2820 297 2878 sed
313 2819 500 2898 eloquentiae
520 2818 671 2878 habeatur.
714 2819 800 2878 Dicit
812 2821 844 2878 in
858 2819 981 2879 Caesare
995 2829 1106 2880 tentam
1122 2823 1181 2878 vim
1196 2841 1267 2892 esse,
1282 2828 1316 2879 ut

240 2916 350 2976 eodem
374 2918 473 2975 animo
498 2917 615 2989 dixisse,
639 2936 698 2995 quo
720 2916 880 2990 bellaverit,
901 2917 1043 2977 videatur.
1086 2919 1159 2976 Post
1180 2938 1239 2990 eos,
1264 2917 1317 2976 sed

242 3013 341 3091 longe,
362 3013 473 3072 multos
494 3013 567 3072 alios
590 3015 683 3093 ponit
728 3013 763 3073 In
787 3015 898 3074 Seneca
922 3015 1015 3074 multa
1037 3016 1204 3087 admiratur,
1225 3015 1317 3072 multa

240 3117 342 3169 autem
367 3111 566 3190 reprehendit
609 3109 743 3184 Utinam,
769 3113 818 3184 ait,
844 3132 897 3170 suo
921 3113 1042 3192 ingenio
1065 3113 1195 3185 dixisset,
1221 3112 1319 3196 alieno

240 3206 364 3284 judicio.
408 3208 491 3266 Haec
514 3208 577 3266 fere
594 3215 694 3266 noster
716 3207 922 3278 Quintilianus,
966 3209 1049 3267 Dicit
1069 3210 1205 3268 modesto
1219 3217 1251 3268 et
1265 3211 1318 3268 cir·

242 3310 416 3382 cumspecto
437 3304 551 3381 judicio
566 3305 709 3363 detentis
725 3307 793 3364 viris
814 3306 1072 3385 pronuntiandum,
1087 3325 1125 3364 ne
1145 3307 1318 3364 damnemus

246 3419 320 3478 quae
351 3419 412 3458 non
444 3401 656 3481 intellegamus.
708 3401 822 3481 Operae
854 3404 980 3481 pretium
1005 3411 1058 3476 est,
1083 3409 1178 3462 totum
1209 3404 1317 3462 librum

242 3515 442 3576 cognoscer03
463 3499 500 3556 de
522 3500 609 3578 copia
630 3499 795 3572 verborum,
821 3499 859 3559 de
880 3501 1068 3579 cogitatione,
1091 3501 1129 3559 de
1152 3502 1318 3560 imitatione

244 3592 365 3653 scribit:
387 3595 518 3673 exponit,
535 3597 685 3674 quomodo
700 3596 896 3670 scribendum,
912 3617 986 3676 qnae
1007 3596 1162 3656 scribenda
1181 3600 1316 3670 maxime,

246 3709 334 3768 quem
348 3690 387 3748 ad
402 3690 523 3750 modum
538 3691 666 3751 facilitas
680 3693 820 3773 loquendi
835 3703 959 3773 paretur.
1116 3695 1148 3754 E.
1166 3695 1204 3754 Η.
1220 3695 1255 3754 R.

245 3897 406 3944 caum

490 3985 580 4046 Hunc
595 3986 665 4045 olim
680 3987 784 4046 solitus
798 3987 908 4048 findere
922 3991 1080 4070 caespitem

489 4082 581 4141 Rivus
595 4103 648 4142 cur
661 4084 801 4143 scatebris
815 4104 951 4164 spargere
964 4087 1074 4146 desinit

531 4179 655 4254 Herbas,
670 4200 722 4240 cur
735 4183 811 4261 pede
825 4183 932 4241 clivum

571 4277 767 4358 Praemptum
780 4280 874 4338 tacito
888 4282 995 4358 premit
