3334 5109
721 408 867 459 LATIN
873 409 911 460 E.
1301 408 1349 461 37

273 572 396 635 diocriter,
408 578 434 623 et
445 588 491 636 per
501 574 648 637 obsequium
660 576 754 625 amicos
766 581 873 637 pararet.
908 575 985 639 Sosis,
998 576 1041 636 qui
1058 576 1084 624 in
1095 578 1172 624 verba
1182 574 1276 623 domini
1286 590 1349 624 sem-

272 670 318 717 per
327 656 397 717 juret
408 646 434 705 et
445 657 513 705 dicta
529 658 679 719 sapientium
698 658 725 706 in
741 673 784 707 ore
803 658 887 720 habet,
900 658 961 706 illud
973 660 1024 706 “ut
1035 658 1128 719 nequid
1145 657 1241 706 nimis”
1256 657 1348 708 laudet

275 738 434 803 Obsequium,
444 742 487 803 eit,
499 741 600 803 amicos,
610 741 702 789 veritas
713 741 797 789 odium
810 742 883 803 parit
904 792 907 795 ,
918 742 1077 791 lleniuistine
1087 741 1196 789 Laelium
1208 741 1274 803 apud
1283 741 1350 790 (lice-

274 835 357 871 rcnem
370 822 435 889 hanc
446 824 596 871 sententiam
608 822 807 885 reprehendere?

322 904 353 955 B.
371 906 437 955 Dicit
449 906 578 968 proprium
588 920 644 955 esse
655 896 780 953 amicitiae
792 920 892 953 monere
903 912 929 954 ct
940 906 1042 955 moueri
1072 905 1137 954 Num
1146 905 1250 954 biotam
1261 911 1348 969 gratus

274 985 340 1054 lilius
351 987 418 1049 patri
429 1001 503 1035 curae
514 989 573 1035 estl
1141 981 1145 990 ’

276 1134 278 1138 Ι
322 1070 357 1119 A.
375 1069 443 1119 Simo
454 1083 506 1117 rem
517 1073 618 1117 narret:
636 1068 767 1117 Chremem
779 1069 889 1131 divitem,
899 1070 968 1116 fama
979 1069 1065 1132 ingeni
1076 1069 1241 1117 adulescentis
1252 1069 1347 1131 audita,

272 1166 390 1215 generum
402 1152 508 1200 eundem
525 1152 635 1214 petiisse
671 1150 702 1201 Se
713 1152 837 1215 gavisum,
849 1152 1019 1213 despondisse,
1031 1152 1097 1200 diem
1108 1152 1203 1213 nuptiis
1213 1151 1314 1202 dixisse.

322 1233 352 1283 B.
370 1231 460 1282 Nonne
471 1233 576 1283 libertus
588 1233 649 1282 haec
660 1233 713 1295 jem
725 1233 815 1281 novit?

321 1315 356 1365 A.
374 1314 451 1365 Novit
462 1331 531 1379 sene,
542 1317 639 1365 orditur
649 1323 742 1379 eutem,
754 1321 782 1363 ut
795 1316 914 1364 Horatius
926 1316 969 1377 ait,
981 1330 1059 1364 senex
1070 1314 1204 1377 'l'rojanum
1216 1314 1307 1363 bellum
1315 1317 1348 1364 ab

272 1398 371 1463 gemino
382 1412 436 1448 ove.

321 1480 352 1530 B.
370 1480 459 1531 Nonne
470 1481 516 1529 has
527 1482 630 1543 nuptias
641 1496 697 1531 esse
708 1494 781 1531 veras
794 1480 868 1528 modo
880 1480 1000 1542 negavit?
1272 1524 1279 1533 ,

322 1560 356 1611 Α.
374 1548 452 1611 Recte
469 1563 539 1613 dicis.
575 1563 703 1613 Mulierem
721 1564 856 1625 quendem,
867 1562 948 1610 tribus
960 1568 1019 1611 ante
1030 1562 1110 1623 annis,
1122 1576 1154 1609 ex
1168 1561 1251 1609 insula
1261 1561 1348 1610 Andro

273 1644 386 1693 Athenas
397 1644 504 1707 venisse,
515 1644 589 1705 cujus
607 1632 709 1694 domum
726 1645 819 1694 multos
830 1644 1039 1706 irequeutevisse,
1051 1644 1116 1692 inter
1127 1658 1170 1691 ecs
1181 1643 1347 1705 Pamphilum.

274 1724 305 1774 Se
316 1725 405 1775 dehac
416 1740 444 1791 re
461 1724 622 1789 quaesivisse,
634 1726 679 1775 sed
696 1726 759 1775 nihil
776 1727 906 1789 reperisse,
918 1725 985 1788 quod
1002 1725 1081 1773 filium
1098 1731 1234 1774 accusaret
1268 1725 1347 1786 cujus

273 1806 381 1855 feminae
397 1821 478 1869 nuper
494 1812 609 1856 mortuae
628 1822 656 1857 se
675 1809 766 1870 ipsum,
777 1808 841 1856 nihil
858 1808 918 1855 mali
937 1808 1115 1869 suspicantem,
1127 1822 1184 1856 cum
1194 1806 1256 1857 aliis
1269 1808 1348 1857 funus

273 1888 425 1950 celebrasse;
442 1889 552 1939 dolorem
565 1889 730 1951 lacrimasque
741 1889 786 1939 lilii
797 1904 853 1939 esse
865 1890 989 1941 innatum.
1023 1891 1137 1951 Denique
1144 1871 1218 1939 'inter
1229 1890 1346 1939 mulieres

273 1971 380 2033 puellm
392 1972 485 2020 eximia
496 1972 670 2035 pulcritudine,
680 1987 790 2023 sororem
798 1977 919 2034 mortuae,
931 1972 1038 2023 vidisse:
1056 1974 1072 1998 “
1080 1973 1178 2035 Attet,’¹
1185 1972 1345 2036 exclamasse,

274 2054 289 2079 “
297 2053 355 2103 hinc
365 2053 424 2103 illae
435 2053 552 2103 lacrimae
560 2056 566 2103 l
574 2054 589 2078 ’¹

321 2135 351 2185 B.
369 2135 459 2185 Nonne
472 2133 663 2185 Horatius'haec
674 2138 752 2187 verbe
763 2136 844 2185 citet?

320 2218 355 2269 A.
374 2219 407 2267 Et
425 2218 545 2267 Horatius
563 2224 589 2268 et
607 2219 693 2269 Cicero
709 2225 736 2269 et
754 2218 835 2267 multi.
869 2218 910 2267 Ita
926 2232 1018 2268 senex:
1039 2234 1142 2281 corpore
1158 2220 1185 2267 in
1202 2234 1289 2283 rogum
1302 2221 1347 2269 im-

273 2301 362 2363 posito,
373 2315 492 2364 sororem,
501 2307 531 2349 ut
541 2316 596 2351 mos
607 2307 654 2364 est,
664 2302 747 2351 facem
758 2303 905 2365 subjecisse,
917 2303 961 2351 sed
970 2303 1073 2364 propius
1085 2302 1167 2365 ignem
1178 2303 1345 2365 aooedentem,

272 2382 431 2445 aPamphilo
441 2383 598 2446 complexam
607 2390 634 2434 st
646 2385 681 2432 ad'
689 2385 771 2433 sinum
783 2399 912 2446 pressam:
929 2385 988 2433 hinc
1000 2400 1051 2433 rem
1063 2385 1089 2432 iu
1101 2391 1187 2447 aperto
1195 2399 1257 2435 esse.
1280 2384 1346 2433 Dum

272 2466 326 2529 ipse
336 2466 398 2515 haec
409 2465 515 2515 moleste
534 2457 621 2529 ferret,
633 2466 763 2516 Chremem
784 2481 929 2531 aggressum
948 2482 1011 2529 esse,
1023 2468 1171 2515 clamantem
1189 2466 1346 2529 Peruphilum

272 2548 323 2611 jam
334 2563 439 2597 uxorem
450 2549 558 2611 hebere;
575 2563 603 2599 se
613 2550 752 2612 negavisse,
764 2549 835 2597 illum
847 2549 1040 2611 confirmavisse,
1053 2550 1219 2609 abnuisseque
1230 2563 1257 2597 se
1268 2548 1345 2596 filiam

272 2630 395 2680 daturum.
1183 2635 1185 2640 '

272 2768 275 2773 ,
320 2711 350 2763 B.
369 2711 434 2769 Quid
445 2726 530 2775 senex,
542 2726 628 2775 caspe
639 2712 760 2775 dejectus,
772 2715 898 2761 conatur?
987 2727 989 2730 ·

153 2776 158 2784 ⁸
250 2828 252 2834 .
273 2851 276 2855 ⁸
320 2794 355 2843 A.
373 2793 440 2843 Dicit
451 2808 487 2857 se,
499 2794 658 2843 simulantem
670 2794 801 2843 Chremem
813 2808 868 2842 eam
880 2794 1004 2855 daturum,
1016 2794 1117 2855 nuptias
1129 2808 1216 2855 parare
1233 2808 1343 2857 pergere,

271 2881 300 2923 ut
310 2875 389 2923 lilium
401 2876 434 2924 eb
446 2875 493 2923 hac
502 2876 599 2925 Andria
609 2883 750 2937 removeat,
767 2876 847 2925 vereri
858 2882 949 2937 autem,
959 2891 991 2924 ne
1002 2889 1089 2923 servus
1100 2876 1155 2937 ejus
1166 2876 1206 2923 cui
1214 2876 1247 2923 sit
1257 2876 1271 2901 ‘⁴
1279 2875 1346 2924 mala
1386 2894 1391 2902 ·

270 2972 349 3020 mens,
360 2957 442 3006 malus
460 2958 584 3021 animus,”
595 2956 701 3007 consilia
717 2964 822 3020 evertat,
835 2958 914 3021 magis
932 2963 961 3005 ut
979 2958 1028 3006 sibi
1044 2958 1111 3005 obsit
1126 2972 1201 3018 quam
1212 2957 1345 3019 Pamphilo

270 3039 356 3103 prosit.

319 3120 350 3170 B.
368 3120 452 3183 lliror,
463 3121 486 3169 si
497 3121 544 3169 hoc
554 3120 669 3185 pulcrum
680 3122 810 3171 consilium
824 3137 838 3171 c
849 3122 973 3169 sententia
984 3122 1051 3169 aenis
1063 3120 1180 3170 evenerit

272 3261 275 3265 ¹
319 3203 354 3253 A.
372 3203 447 3253 Audi.
481 3202 512 3253 ui
529 3204 650 3267 cogitanti
666 3219 754 3253 servus
771 3202 897 3264 Pamphili
913 3203 1013 3251 obviam
1025 3203 1101 3266 venit,
1113 3204 1165 3263 sed,
1176 3208 1260 3251 mente
1274 3218 1344 3251 occu·

270 3291 338 3349 pate,
349 3278 401 3334 non
412 3285 541 3335 dominum
552 3285 628 3337 videt.
663 3286 712 3336 Hic
728 3286 856 3349 paulisper
871 3293 992 3348 moratus,
1004 3292 1033 3335 ut
1045 3301 1143 3335 servum
1156 3286 1344 3348 necopinantem

270 3370 393 3430 observet,
404 3368 508 3417 tandem
519 3383 577 3418 eum
587 3374 669 3418 vocet.
703 3368 745 3417 Ite
756 3382 811 3416 cum
823 3383 854 3417 eo
864 3369 932 3431 egit3
950 3383 977 3417 se
989 3383 1113 3416 rumorem
1124 3368 1254 3428 audivisse,
1266 3369 1345 3416 lilium

271 3464 371 3511 emere3
386 3450 413 3499 id
424 3451 492 3512 quod
503 3450 600 3499 minimi
612 3450 801 3500 aestimaturum
813 3451 901 3513 fuisse,
910 3450 959 3498 nisi
971 3450 1074 3511 nuptiae
1085 3450 1137 3512 jam
1148 3456 1264 3511 paratae3
1280 3456 1343 3512 orat,

270 3537 300 3581 ut
310 3546 398 3581 servus
409 3547 437 3581 se
448 3532 475 3581 iu
485 3533 533 3581 hac
544 3547 571 3581 re
582 3533 693 3596 adjuvet.

318 3613 350 3664 B.
369 3614 486 3663 Credisne
497 3629 597 3664 servum
608 3615 675 3677 apud
687 3601 870 3681 adolescentem
882 3614 988 3662 multum
999 3617 1093 3677 posse?

273 3680 278 3759 ζ
319 3695 354 3747 Δ.
372 3694 511 3744 Plurimum
521 3710 589 3745 sane.
624 3696 690 3745 Huic
708 3712 792 3759 senex,
804 3698 826 3745 si
844 3697 895 3745 ullo
912 3697 986 3745 modo
1000 3697 1095 3759 nuptiis
1108 3696 1220 3757 obsistat,
1233 3698 1344 3760 verbere,

270 3776 358 3841 molas,
368 3778 453 3827 omnia
463 3778 587 3840 supplicia
597 3778 735 3829 minitetur.

319 3860 350 3914 B.
367 3861 459 3911 Utrum
471 3875 558 3909 servus
569 3862 636 3923 petri
648 3877 681 3911 en
692 3862 744 3911 lilio
756 3862 850 3911 servire
860 3862 933 3911 vult?

319 3945 354 3995 A.
372 3943 460 3993 Secum
472 3944 533 4007 agit,
544 3943 605 4005 quid
615 3944 702 3994 iaciat.
737 3944 847 4013 Veretur
861 3961 893 3995 ne
910 3945 1056 3995 adulescens
1067 3944 1168 3994 relictus
1179 3945 1227 3993 sibi
1237 3952 1343 3995 mortem

270 4026 416 4089 consciscat,
428 4026 472 4075 sed
488 4026 570 4075 minas
587 4026 667 4089 petris
681 4027 779 4077 metuit.
814 4028 892 4092 Novit
907 4028 977 4076 illum
994 4029 1047 4090 jam
1059 4027 1198 4091 Glycerium
1210 4042 1256 4089 pro
1266 4042 1344 4077 uxore

270 4110 369 4172 habere,
381 4124 457 4171 quam
471 4122 527 4158 esse
544 4106 624 4161 civem
642 4109 751 4171 Atticae,
763 4124 867 4173 parvam
886 4111 913 4159 in
928 4111 988 4159 litus
999 4111 1096 4159 insulae
1107 4125 1121 4160 e
1132 4110 1191 4158 navi
1201 4109 1306 4171 ejectam
1317 4115 1343 4157 et

163 4205 165 4209 ·
271 4191 303 4240 eb
313 4188 395 4239 incola
405 4189 502 4239 Andrio
519 4196 645 4253 receptam
662 4190 751 4241 dicere.
786 4191 896 4241 Tandem
913 4208 997 4242 amore
1014 4193 1051 4243 eri
1061 4198 1206 4254 commotus,
1218 4207 1270 4240 rem
1281 4192 1345 4254 peri-

271 4272 320 4323 culi
330 4272 369 4323 sui
379 4273 465 4323 iecere
476 4272 615 4323 constituit.
